trade_seq,trade_id,timestamp,tick_direction,price,instrument_name,index_price,direction,amount,liquidation
44722670,72014575,1586563203673,0,6870.0,BTC-PERPETUAL,6872.23,buy,20.0,
44722671,72014576,1586563203767,1,6870.0,BTC-PERPETUAL,6872.23,buy,10.0,
44722672,72014577,1586563204080,1,6870.0,BTC-PERPETUAL,6872.23,buy,280.0,
44722673,72014578,1586563208635,1,6870.0,BTC-PERPETUAL,6874.24,buy,1070.0,
44722674,72014579,1586563208635,1,6870.0,BTC-PERPETUAL,6874.24,buy,930.0,
44722675,72014580,1586563210667,1,6870.0,BTC-PERPETUAL,6874.19,buy,70.0,
44722676,72014587,1586563211978,1,6870.0,BTC-PERPETUAL,6874.27,buy,260.0,
44722677,72014588,1586563211978,1,6870.0,BTC-PERPETUAL,6874.27,buy,1000.0,
44722678,72014589,1586563211978,1,6870.0,BTC-PERPETUAL,6874.27,buy,260.0,
44722679,72014590,1586563211978,1,6870.0,BTC-PERPETUAL,6874.27,buy,470.0,
44722680,72014591,1586563211978,1,6870.0,BTC-PERPETUAL,6874.27,buy,200.0,
44722681,72014592,1586563211978,1,6870.0,BTC-PERPETUAL,6874.27,buy,210.0,
44722682,72014595,1586563215085,1,6870.0,BTC-PERPETUAL,6875.02,buy,10000.0,
44722683,72014596,1586563219386,1,6870.0,BTC-PERPETUAL,6875.76,buy,15200.0,
44722684,72014597,1586563219398,1,6870.0,BTC-PERPETUAL,6875.76,buy,8200.0,
44722685,72014598,1586563219399,1,6870.0,BTC-PERPETUAL,6875.76,buy,6390.0,
44722686,72014599,1586563219399,1,6870.0,BTC-PERPETUAL,6875.76,buy,470.0,
44722687,72014600,1586563219399,1,6870.0,BTC-PERPETUAL,6875.76,buy,1600.0,
44722688,72014601,1586563219870,0,6870.5,BTC-PERPETUAL,6876.08,buy,50.0,
44722689,72014602,1586563219870,1,6870.5,BTC-PERPETUAL,6876.08,buy,350.0,
44722690,72014603,1586563219870,1,6870.5,BTC-PERPETUAL,6876.08,buy,470.0,
44722691,72014604,1586563220031,0,6871.0,BTC-PERPETUAL,6876.08,buy,10.0,
44722692,72014605,1586563220031,1,6871.0,BTC-PERPETUAL,6876.08,buy,20.0,
44722693,72014606,1586563220031,1,6871.0,BTC-PERPETUAL,6876.08,buy,20.0,
44722694,72014607,1586563220031,1,6871.0,BTC-PERPETUAL,6876.08,buy,470.0,
44722695,72014608,1586563220357,0,6872.0,BTC-PERPETUAL,6876.08,buy,50.0,
44722696,72014612,1586563223666,1,6872.0,BTC-PERPETUAL,6876.97,buy,100.0,
44722697,72014613,1586563223666,1,6872.0,BTC-PERPETUAL,6876.97,buy,20.0,
44722698,72014614,1586563223666,1,6872.0,BTC-PERPETUAL,6876.97,buy,20.0,
44722699,72014615,1586563223666,1,6872.0,BTC-PERPETUAL,6876.97,buy,20.0,
44722700,72014616,1586563223666,1,6872.0,BTC-PERPETUAL,6876.97,buy,10.0,
44722701,72014617,1586563223666,1,6872.0,BTC-PERPETUAL,6876.97,buy,210.0,
44722702,72014618,1586563223690,1,6872.0,BTC-PERPETUAL,6876.97,buy,490.0,
44722703,72014619,1586563223690,1,6872.0,BTC-PERPETUAL,6876.97,buy,470.0,
44722704,72014620,1586563223846,0,6872.5,BTC-PERPETUAL,6876.97,buy,60.0,
44722705,72014621,1586563223846,1,6872.5,BTC-PERPETUAL,6876.97,buy,10.0,
44722706,72014622,1586563223846,1,6872.5,BTC-PERPETUAL,6876.97,buy,470.0,
44722707,72014623,1586563223846,0,6873.0,BTC-PERPETUAL,6876.97,buy,60.0,
44722708,72014624,1586563223846,1,6873.0,BTC-PERPETUAL,6876.97,buy,110.0,
44722709,72014625,1586563223846,0,6873.5,BTC-PERPETUAL,6876.97,buy,40.0,
44722710,72014626,1586563223846,1,6873.5,BTC-PERPETUAL,6876.97,buy,170.0,
44722711,72014628,1586563225496,1,6873.5,BTC-PERPETUAL,6877.5,buy,250.0,
44722712,72014629,1586563225498,1,6873.5,BTC-PERPETUAL,6877.5,buy,50.0,
44722713,72014630,1586563225498,1,6873.5,BTC-PERPETUAL,6877.5,buy,470.0,
44722714,72014631,1586563225498,1,6873.5,BTC-PERPETUAL,6877.5,buy,20.0,
44722715,72014632,1586563225508,0,6874.0,BTC-PERPETUAL,6879.06,buy,420.0,
44722716,72014633,1586563225508,1,6874.0,BTC-PERPETUAL,6879.06,buy,420.0,
44722717,72014634,1586563225508,1,6874.0,BTC-PERPETUAL,6879.06,buy,40.0,
44722718,72014635,1586563225508,1,6874.0,BTC-PERPETUAL,6879.06,buy,20.0,
44722719,72014636,1586563225508,1,6874.0,BTC-PERPETUAL,6879.06,buy,20.0,
44722720,72014637,1586563225508,1,6874.0,BTC-PERPETUAL,6879.06,buy,60.0,
44722721,72014638,1586563225508,1,6874.0,BTC-PERPETUAL,6879.06,buy,370.0,
44722722,72014639,1586563225508,1,6874.0,BTC-PERPETUAL,6879.06,buy,250.0,
44722723,72014640,1586563225530,0,6874.5,BTC-PERPETUAL,6879.06,buy,30.0,
44722724,72014641,1586563225530,1,6874.5,BTC-PERPETUAL,6879.06,buy,30.0,
44722725,72014642,1586563225530,1,6874.5,BTC-PERPETUAL,6879.06,buy,60.0,
44722726,72014643,1586563225530,1,6874.5,BTC-PERPETUAL,6879.06,buy,10.0,
44722727,72014644,1586563225530,1,6874.5,BTC-PERPETUAL,6879.06,buy,250.0,
44722728,72014645,1586563225530,0,6875.0,BTC-PERPETUAL,6879.06,buy,10.0,
44722729,72014646,1586563225530,1,6875.0,BTC-PERPETUAL,6879.06,buy,110.0,
44722730,72014647,1586563225530,1,6875.0,BTC-PERPETUAL,6879.06,buy,110.0,
44722731,72014648,1586563225530,1,6875.0,BTC-PERPETUAL,6879.06,buy,10.0,
44722732,72014649,1586563225530,1,6875.0,BTC-PERPETUAL,6879.06,buy,10.0,
44722733,72014650,1586563225530,1,6875.0,BTC-PERPETUAL,6879.06,buy,10.0,
44722734,72014651,1586563225530,1,6875.0,BTC-PERPETUAL,6879.06,buy,10.0,
44722735,72014652,1586563225530,1,6875.0,BTC-PERPETUAL,6879.06,buy,3350.0,
44722736,72014653,1586563226958,1,6875.0,BTC-PERPETUAL,6879.74,buy,5810.0,
44722737,72014654,1586563227121,1,6875.0,BTC-PERPETUAL,6879.74,buy,1130.0,
44722738,72014655,1586563227199,1,6875.0,BTC-PERPETUAL,6879.74,buy,2200.0,
44722739,72014656,1586563227202,1,6875.0,BTC-PERPETUAL,6879.74,buy,4750.0,
44722740,72014657,1586563227203,1,6875.0,BTC-PERPETUAL,6879.74,buy,6130.0,
44722741,72014658,1586563227204,1,6875.0,BTC-PERPETUAL,6879.74,buy,1500.0,
44722742,72014659,1586563227205,1,6875.0,BTC-PERPETUAL,6879.74,buy,3830.0,
44722743,72014660,1586563227205,1,6875.0,BTC-PERPETUAL,6879.74,buy,940.0,
44722744,72014661,1586563227205,1,6875.0,BTC-PERPETUAL,6879.74,buy,470.0,
44722745,72014662,1586563227205,1,6875.0,BTC-PERPETUAL,6879.74,buy,250.0,
44722746,72014663,1586563227208,0,6875.5,BTC-PERPETUAL,6879.74,buy,80.0,
44722747,72014664,1586563227208,1,6875.5,BTC-PERPETUAL,6879.74,buy,60.0,
44722748,72014665,1586563227208,1,6875.5,BTC-PERPETUAL,6879.74,buy,370.0,
44722749,72014666,1586563227208,1,6875.5,BTC-PERPETUAL,6879.74,buy,8000.0,
44722750,72014667,1586563227214,0,6876.0,BTC-PERPETUAL,6879.74,buy,20.0,
44722751,72014668,1586563227214,1,6876.0,BTC-PERPETUAL,6879.74,buy,20.0,
44722752,72014670,1586563227219,0,6876.5,BTC-PERPETUAL,6879.74,buy,10.0,
44722753,72014671,1586563227219,1,6876.5,BTC-PERPETUAL,6879.74,buy,10.0,
44722754,72014677,1586563227493,0,6877.0,BTC-PERPETUAL,6879.74,buy,30.0,
44722755,72014678,1586563227493,1,6877.0,BTC-PERPETUAL,6879.74,buy,30.0,
44722756,72014679,1586563227493,0,6877.5,BTC-PERPETUAL,6879.74,buy,360.0,
44722757,72014680,1586563227493,1,6877.5,BTC-PERPETUAL,6879.74,buy,500.0,
44722758,72014681,1586563227493,1,6877.5,BTC-PERPETUAL,6879.74,buy,100.0,
44722759,72014682,1586563231204,0,6878.0,BTC-PERPETUAL,6882.17,buy,60.0,
44722760,72014683,1586563231204,1,6878.0,BTC-PERPETUAL,6882.17,buy,20.0,
44722761,72014684,1586563231204,1,6878.0,BTC-PERPETUAL,6882.17,buy,20.0,
44722762,72014685,1586563231204,1,6878.0,BTC-PERPETUAL,6882.17,buy,20.0,
44722763,72014686,1586563231204,1,6878.0,BTC-PERPETUAL,6882.17,buy,10.0,
44722764,72014687,1586563231204,1,6878.0,BTC-PERPETUAL,6882.17,buy,250.0,
44722765,72014688,1586563231204,1,6878.0,BTC-PERPETUAL,6882.17,buy,10.0,
44722766,72014689,1586563231204,0,6878.5,BTC-PERPETUAL,6882.17,buy,300.0,
44722767,72014690,1586563231204,1,6878.5,BTC-PERPETUAL,6882.17,buy,60.0,
44722768,72014691,1586563231204,1,6878.5,BTC-PERPETUAL,6882.17,buy,1750.0,
44722769,72014693,1586563231594,1,6878.5,BTC-PERPETUAL,6882.51,buy,870.0,
44722770,72014694,1586563231672,0,6879.0,BTC-PERPETUAL,6882.51,buy,10.0,
44722771,72014695,1586563231672,1,6879.0,BTC-PERPETUAL,6882.51,buy,40.0,
44722772,72014696,1586563231672,1,6879.0,BTC-PERPETUAL,6882.51,buy,15160.0,
44722773,72014697,1586563231676,1,6879.0,BTC-PERPETUAL,6882.51,buy,5430.0,
44722774,72014698,1586563231678,1,6879.0,BTC-PERPETUAL,6882.51,buy,2770.0,
44722775,72014699,1586563231680,1,6879.0,BTC-PERPETUAL,6882.51,buy,1770.0,
44722776,72014700,1586563231682,1,6879.0,BTC-PERPETUAL,6882.51,buy,2550.0,
44722777,72014701,1586563231683,1,6879.0,BTC-PERPETUAL,6882.51,buy,1350.0,
44722778,72014702,1586563231694,1,6879.0,BTC-PERPETUAL,6882.51,buy,610.0,
44722779,72014703,1586563231732,0,6880.0,BTC-PERPETUAL,6882.51,buy,10.0,
44722780,72014704,1586563231732,1,6880.0,BTC-PERPETUAL,6882.51,buy,10.0,
44722781,72014705,1586563231732,1,6880.0,BTC-PERPETUAL,6882.51,buy,150.0,
44722782,72014706,1586563231732,1,6880.0,BTC-PERPETUAL,6882.51,buy,200.0,
44722783,72014707,1586563231732,1,6880.0,BTC-PERPETUAL,6882.51,buy,10.0,
44722784,72014708,1586563231732,0,6880.5,BTC-PERPETUAL,6882.51,buy,10.0,
44722785,72014709,1586563231761,1,6880.5,BTC-PERPETUAL,6882.51,buy,50.0,
44722786,72014710,1586563231761,1,6880.5,BTC-PERPETUAL,6882.51,buy,360.0,
44722787,72014711,1586563231762,0,6881.0,BTC-PERPETUAL,6882.51,buy,60.0,
44722788,72014712,1586563231762,1,6881.0,BTC-PERPETUAL,6882.51,buy,10.0,
44722789,72014713,1586563231762,1,6881.0,BTC-PERPETUAL,6882.51,buy,1900.0,
44722790,72014714,1586563231764,1,6881.0,BTC-PERPETUAL,6882.51,buy,100.0,
44722791,72014715,1586563231764,0,6881.5,BTC-PERPETUAL,6882.51,buy,600.0,
44722792,72014716,1586563231773,0,6882.0,BTC-PERPETUAL,6882.51,buy,140.0,
44722793,72014717,1586563231773,1,6882.0,BTC-PERPETUAL,6882.51,buy,10.0,
44722794,72014718,1586563231773,1,6882.0,BTC-PERPETUAL,6882.51,buy,30.0,
44722795,72014719,1586563231773,1,6882.0,BTC-PERPETUAL,6882.51,buy,300.0,
44722796,72014720,1586563231773,0,6882.5,BTC-PERPETUAL,6882.51,buy,260.0,
44722797,72014721,1586563231773,1,6882.5,BTC-PERPETUAL,6882.51,buy,20.0,
44722798,72014722,1586563231773,1,6882.5,BTC-PERPETUAL,6882.51,buy,110.0,
44722799,72014724,1586563231861,1,6882.5,BTC-PERPETUAL,6882.51,buy,40.0,
44722800,72014725,1586563231861,1,6882.5,BTC-PERPETUAL,6882.51,buy,370.0,
44722801,72014726,1586563231861,1,6882.5,BTC-PERPETUAL,6882.51,buy,40.0,
44722802,72014727,1586563231928,0,6883.0,BTC-PERPETUAL,6882.51,buy,590.0,
44722803,72014728,1586563231974,1,6883.0,BTC-PERPETUAL,6882.51,buy,20.0,
44722804,72014729,1586563232210,1,6883.0,BTC-PERPETUAL,6882.51,buy,160.0,
44722805,72014730,1586563232210,1,6883.0,BTC-PERPETUAL,6882.51,buy,50.0,
44722806,72014731,1586563232210,1,6883.0,BTC-PERPETUAL,6882.51,buy,40.0,
44722807,72014732,1586563232210,1,6883.0,BTC-PERPETUAL,6882.51,buy,110.0,
44722808,72014733,1586563232210,1,6883.0,BTC-PERPETUAL,6882.51,buy,470.0,
44722809,72014734,1586563232210,1,6883.0,BTC-PERPETUAL,6882.51,buy,10.0,
44722810,72014735,1586563232218,0,6883.5,BTC-PERPETUAL,6882.51,buy,50.0,
44722811,72014736,1586563232218,1,6883.5,BTC-PERPETUAL,6882.51,buy,10.0,
44722812,72014737,1586563232218,1,6883.5,BTC-PERPETUAL,6882.51,buy,60.0,
44722813,72014738,1586563232218,1,6883.5,BTC-PERPETUAL,6882.51,buy,270.0,
44722814,72014739,1586563232218,1,6883.5,BTC-PERPETUAL,6882.51,buy,1130.0,
44722815,72014740,1586563232218,1,6883.5,BTC-PERPETUAL,6882.51,buy,1050.0,
44722816,72014742,1586563232224,0,6884.0,BTC-PERPETUAL,6882.51,buy,360.0,
44722817,72014743,1586563232224,1,6884.0,BTC-PERPETUAL,6882.51,buy,210.0,
44722818,72014744,1586563232224,1,6884.0,BTC-PERPETUAL,6882.51,buy,10.0,
44722819,72014745,1586563232224,1,6884.0,BTC-PERPETUAL,6882.51,buy,520.0,
44722820,72014746,1586563232224,1,6884.0,BTC-PERPETUAL,6882.51,buy,780.0,
44722821,72014747,1586563232224,1,6884.0,BTC-PERPETUAL,6882.51,buy,10.0,
44722822,72014748,1586563232230,0,6885.0,BTC-PERPETUAL,6882.51,buy,210.0,
44722823,72014749,1586563232230,1,6885.0,BTC-PERPETUAL,6882.51,buy,10.0,
44722824,72014750,1586563232230,1,6885.0,BTC-PERPETUAL,6882.51,buy,150.0,
44722825,72014751,1586563232230,1,6885.0,BTC-PERPETUAL,6882.51,buy,10.0,
44722826,72014752,1586563232230,1,6885.0,BTC-PERPETUAL,6882.51,buy,110.0,
44722827,72014753,1586563232230,1,6885.0,BTC-PERPETUAL,6882.51,buy,110.0,
44722828,72014754,1586563232230,1,6885.0,BTC-PERPETUAL,6882.51,buy,110.0,
44722829,72014755,1586563232230,1,6885.0,BTC-PERPETUAL,6882.51,buy,10.0,
44722830,72014756,1586563232230,1,6885.0,BTC-PERPETUAL,6882.51,buy,500.0,
44722831,72014757,1586563232237,0,6885.5,BTC-PERPETUAL,6882.51,buy,210.0,
44722832,72014758,1586563232237,1,6885.5,BTC-PERPETUAL,6882.51,buy,10.0,
44722833,72014759,1586563232237,1,6885.5,BTC-PERPETUAL,6882.51,buy,70.0,
44722834,72014760,1586563232237,1,6885.5,BTC-PERPETUAL,6882.51,buy,500.0,
44722835,72014761,1586563233661,0,6886.0,BTC-PERPETUAL,6886.43,buy,70.0,
44722836,72014762,1586563233661,1,6886.0,BTC-PERPETUAL,6886.43,buy,330.0,
44722837,72014769,1586563234020,0,6886.5,BTC-PERPETUAL,6886.43,buy,50.0,
44722838,72014770,1586563234020,1,6886.5,BTC-PERPETUAL,6886.43,buy,10.0,
44722839,72014771,1586563234020,1,6886.5,BTC-PERPETUAL,6886.43,buy,40.0,
44722840,72014772,1586563234020,1,6886.5,BTC-PERPETUAL,6886.43,buy,10.0,
44722841,72014775,1586563234028,0,6887.0,BTC-PERPETUAL,6886.43,buy,10.0,
44722842,72014776,1586563234028,1,6887.0,BTC-PERPETUAL,6886.43,buy,10.0,
44722843,72014777,1586563234032,0,6887.5,BTC-PERPETUAL,6886.43,buy,10.0,
44722844,72014778,1586563234032,1,6887.5,BTC-PERPETUAL,6886.43,buy,1580.0,
44722845,72014779,1586563234034,1,6887.5,BTC-PERPETUAL,6886.43,buy,6750.0,
44722846,72014780,1586563234034,0,6888.0,BTC-PERPETUAL,6886.43,buy,370.0,
44722847,72014781,1586563234034,1,6888.0,BTC-PERPETUAL,6886.43,buy,50.0,
44722848,72014782,1586563234034,1,6888.0,BTC-PERPETUAL,6886.43,buy,10.0,
44722849,72014783,1586563234034,1,6888.0,BTC-PERPETUAL,6886.43,buy,210.0,
44722850,72014784,1586563234034,1,6888.0,BTC-PERPETUAL,6886.43,buy,10.0,
44722851,72014785,1586563234034,1,6888.0,BTC-PERPETUAL,6886.43,buy,1000.0,
44722852,72014786,1586563234034,1,6888.0,BTC-PERPETUAL,6886.43,buy,3210.0,
44722853,72014787,1586563234039,1,6888.0,BTC-PERPETUAL,6886.43,buy,3680.0,
44722854,72014788,1586563234039,1,6888.0,BTC-PERPETUAL,6886.43,buy,1000.0,
44722855,72014789,1586563234039,1,6888.0,BTC-PERPETUAL,6886.43,buy,280.0,
44722856,72014790,1586563234044,0,6888.5,BTC-PERPETUAL,6886.43,buy,210.0,
44722857,72014791,1586563234044,1,6888.5,BTC-PERPETUAL,6886.43,buy,10.0,
44722858,72014792,1586563234044,1,6888.5,BTC-PERPETUAL,6886.43,buy,210.0,
44722859,72014793,1586563234044,1,6888.5,BTC-PERPETUAL,6886.43,buy,10.0,
44722860,72014794,1586563234044,1,6888.5,BTC-PERPETUAL,6886.43,buy,2100.0,
44722861,72014795,1586563234044,1,6888.5,BTC-PERPETUAL,6886.43,buy,100.0,
44722862,72014796,1586563234044,1,6888.5,BTC-PERPETUAL,6886.43,buy,60.0,
44722863,72014797,1586563234044,1,6888.5,BTC-PERPETUAL,6886.43,buy,8990.0,
44722864,72014798,1586563234394,1,6888.5,BTC-PERPETUAL,6886.43,sell,100.0,
44722865,72014799,1586563234585,1,6888.5,BTC-PERPETUAL,6890.24,sell,100.0,
44722866,72014800,1586563234762,0,6889.0,BTC-PERPETUAL,6890.24,buy,60.0,
44722867,72014801,1586563234762,1,6889.0,BTC-PERPETUAL,6890.24,buy,50.0,
44722868,72014802,1586563234762,1,6889.0,BTC-PERPETUAL,6890.24,sell,100.0,
44722869,72014803,1586563236190,0,6889.5,BTC-PERPETUAL,6889.54,buy,50.0,
44722870,72014804,1586563236190,1,6889.5,BTC-PERPETUAL,6889.54,buy,50.0,
44722871,72014805,1586563236389,1,6889.5,BTC-PERPETUAL,6889.54,buy,10000.0,
44722872,72014806,1586563236884,1,6889.5,BTC-PERPETUAL,6889.55,buy,600.0,T
44722873,72014807,1586563237812,2,6889.0,BTC-PERPETUAL,6889.44,sell,150.0,
44722874,72014808,1586563237814,3,6889.0,BTC-PERPETUAL,6889.44,sell,50.0,
44722875,72014809,1586563237814,3,6889.0,BTC-PERPETUAL,6889.44,sell,1000.0,
44722876,72014810,1586563237814,3,6889.0,BTC-PERPETUAL,6889.44,sell,1000.0,
44722877,72014811,1586563237814,3,6889.0,BTC-PERPETUAL,6889.44,sell,670.0,
44722878,72014812,1586563237814,3,6889.0,BTC-PERPETUAL,6889.44,sell,20.0,
44722879,72014813,1586563237814,3,6889.0,BTC-PERPETUAL,6889.44,sell,20.0,
44722880,72014814,1586563238153,2,6888.0,BTC-PERPETUAL,6889.44,sell,4000.0,
44722881,72014815,1586563238154,3,6888.0,BTC-PERPETUAL,6889.44,sell,1400.0,
44722882,72014816,1586563238168,3,6888.0,BTC-PERPETUAL,6889.44,sell,2810.0,
44722883,72014817,1586563238168,3,6888.0,BTC-PERPETUAL,6889.44,sell,10.0,
44722884,72014818,1586563238185,2,6887.5,BTC-PERPETUAL,6889.44,sell,6180.0,
44722885,72014819,1586563238187,3,6887.5,BTC-PERPETUAL,6889.44,sell,3820.0,
44722886,72014820,1586563238269,2,6886.5,BTC-PERPETUAL,6889.44,buy,15000.0,
44722887,72014821,1586563238367,3,6886.5,BTC-PERPETUAL,6889.44,buy,9710.0,
44722888,72014822,1586563239430,2,6886.0,BTC-PERPETUAL,6888.63,sell,200.0,
44722889,72014823,1586563242014,0,6886.5,BTC-PERPETUAL,6890.47,buy,400.0,
44722890,72014824,1586563242014,1,6886.5,BTC-PERPETUAL,6890.47,buy,470.0,
44722891,72014825,1586563242014,1,6886.5,BTC-PERPETUAL,6890.47,buy,1000.0,
44722892,72014826,1586563242014,1,6886.5,BTC-PERPETUAL,6890.47,buy,400.0,
44722893,72014827,1586563242014,1,6886.5,BTC-PERPETUAL,6890.47,buy,1000.0,
44722894,72014828,1586563242014,1,6886.5,BTC-PERPETUAL,6890.47,buy,3650.0,
44722895,72014829,1586563242018,2,6886.0,BTC-PERPETUAL,6890.47,sell,800.0,
44722896,72014830,1586563242018,3,6886.0,BTC-PERPETUAL,6890.47,sell,100.0,
44722897,72014832,1586563244795,3,6886.0,BTC-PERPETUAL,6889.38,sell,100.0,
44722898,72014833,1586563244795,3,6886.0,BTC-PERPETUAL,6889.38,sell,260.0,
44722899,72014834,1586563244795,3,6886.0,BTC-PERPETUAL,6889.38,sell,810.0,
44722900,72014837,1586563255952,0,6887.5,BTC-PERPETUAL,6890.81,buy,1000.0,
44722901,72014838,1586563255952,1,6887.5,BTC-PERPETUAL,6890.81,buy,470.0,
44722902,72014839,1586563255952,1,6887.5,BTC-PERPETUAL,6890.81,buy,200.0,
44722903,72014840,1586563255952,1,6887.5,BTC-PERPETUAL,6890.81,buy,8330.0,
44722904,72014842,1586563257733,1,6887.5,BTC-PERPETUAL,6890.96,buy,470.0,
44722905,72014843,1586563257733,1,6887.5,BTC-PERPETUAL,6890.96,buy,410.0,
44722906,72014847,1586563260468,1,6887.5,BTC-PERPETUAL,6890.92,buy,590.0,
44722907,72014848,1586563260468,1,6887.5,BTC-PERPETUAL,6890.92,buy,470.0,
44722908,72014849,1586563260468,1,6887.5,BTC-PERPETUAL,6890.92,buy,2000.0,
44722909,72014850,1586563260468,1,6887.5,BTC-PERPETUAL,6890.92,buy,6940.0,
44722910,72014857,1586563263945,1,6887.5,BTC-PERPETUAL,6891.61,buy,110.0,
44722911,72014858,1586563263945,1,6887.5,BTC-PERPETUAL,6891.61,buy,470.0,
44722912,72014859,1586563263945,1,6887.5,BTC-PERPETUAL,6891.61,buy,520.0,
44722913,72014860,1586563263945,1,6887.5,BTC-PERPETUAL,6891.61,buy,10.0,
44722914,72014861,1586563263945,1,6887.5,BTC-PERPETUAL,6891.61,buy,3060.0,
44722915,72014862,1586563263945,1,6887.5,BTC-PERPETUAL,6891.61,buy,5830.0,
44722916,72014863,1586563264552,0,6888.5,BTC-PERPETUAL,6891.61,buy,1690.0,
44722917,72014864,1586563265251,2,6888.0,BTC-PERPETUAL,6891.67,sell,200.0,
44722918,72014865,1586563265251,3,6888.0,BTC-PERPETUAL,6891.67,sell,4620.0,
44722919,72014867,1586563268501,3,6888.0,BTC-PERPETUAL,6891.45,sell,500.0,
44722920,72014868,1586563271199,2,6887.0,BTC-PERPETUAL,6891.47,buy,1730.0,
44722921,72014870,1586563274233,2,6886.5,BTC-PERPETUAL,6891.15,sell,300.0,
44722922,72014871,1586563274233,3,6886.5,BTC-PERPETUAL,6891.15,sell,100.0,
44722923,72014873,1586563276300,2,6885.0,BTC-PERPETUAL,6890.58,sell,1000.0,
44722924,72014874,1586563276300,3,6885.0,BTC-PERPETUAL,6890.58,sell,100.0,
44722925,72014876,1586563276835,2,6883.5,BTC-PERPETUAL,6890.58,sell,100.0,
44722926,72014877,1586563276896,2,6883.0,BTC-PERPETUAL,6889.69,sell,60.0,
44722927,72014878,1586563276937,2,6882.5,BTC-PERPETUAL,6889.69,buy,3600.0,
44722928,72014879,1586563276937,3,6882.5,BTC-PERPETUAL,6889.69,buy,1000.0,
44722929,72014880,1586563276937,3,6882.5,BTC-PERPETUAL,6889.69,buy,5400.0,
44722930,72014881,1586563277263,3,6882.5,BTC-PERPETUAL,6889.69,buy,10.0,
44722931,72014882,1586563277884,2,6882.0,BTC-PERPETUAL,6889.09,sell,370.0,
44722932,72014883,1586563277884,3,6882.0,BTC-PERPETUAL,6889.09,sell,130.0,
44722933,72014885,1586563288474,0,6882.5,BTC-PERPETUAL,6886.18,buy,130.0,
44722934,72014886,1586563288474,1,6882.5,BTC-PERPETUAL,6886.18,buy,50.0,
44722935,72014887,1586563290246,0,6885.5,BTC-PERPETUAL,6886.67,sell,300.0,
44722936,72014891,1586563301231,0,6886.5,BTC-PERPETUAL,6889.65,sell,30.0,
44722937,72014892,1586563318519,1,6886.5,BTC-PERPETUAL,6889.95,sell,400.0,
44722938,72014895,1586563323335,0,6887.0,BTC-PERPETUAL,6889.84,buy,370.0,
44722939,72014896,1586563323335,1,6887.0,BTC-PERPETUAL,6889.84,buy,300.0,
44722940,72014897,1586563323335,1,6887.0,BTC-PERPETUAL,6889.84,buy,200.0,
44722941,72014898,1586563323335,1,6887.0,BTC-PERPETUAL,6889.84,buy,33300.0,
44722942,72014899,1586563323335,1,6887.0,BTC-PERPETUAL,6889.84,buy,22600.0,
44722943,72014900,1586563323335,1,6887.0,BTC-PERPETUAL,6889.84,buy,110.0,
44722944,72014901,1586563323335,1,6887.0,BTC-PERPETUAL,6889.84,buy,300.0,
44722945,72014902,1586563323335,1,6887.0,BTC-PERPETUAL,6889.84,buy,11690.0,
44722946,72014903,1586563328306,2,6886.5,BTC-PERPETUAL,6889.66,sell,600.0,
44722947,72014904,1586563328306,3,6886.5,BTC-PERPETUAL,6889.66,sell,1000.0,
44722948,72014905,1586563328306,3,6886.5,BTC-PERPETUAL,6889.66,sell,20660.0,
44722949,72014906,1586563328306,3,6886.5,BTC-PERPETUAL,6889.66,sell,500.0,
44722950,72014907,1586563328306,3,6886.5,BTC-PERPETUAL,6889.66,sell,10.0,
44722951,72014908,1586563328306,2,6885.5,BTC-PERPETUAL,6889.66,sell,200.0,
44722952,72014912,1586563328523,2,6884.0,BTC-PERPETUAL,6889.66,sell,3570.0,
44722953,72014913,1586563328527,2,6883.5,BTC-PERPETUAL,6889.66,sell,500.0,
44722954,72014914,1586563328527,3,6883.5,BTC-PERPETUAL,6889.66,sell,500.0,
44722955,72014915,1586563328534,2,6883.0,BTC-PERPETUAL,6889.66,sell,500.0,
44722956,72014919,1586563339998,0,6885.0,BTC-PERPETUAL,6888.38,buy,20000.0,
44722957,72014932,1586563351359,0,6887.5,BTC-PERPETUAL,6891.1,buy,400.0,
44722958,72014933,1586563351359,1,6887.5,BTC-PERPETUAL,6891.1,buy,300.0,
44722959,72014936,1586563355486,0,6888.0,BTC-PERPETUAL,6892.47,buy,30.0,
44722960,72014937,1586563355486,0,6888.5,BTC-PERPETUAL,6892.47,buy,100.0,
44722961,72014938,1586563355486,1,6888.5,BTC-PERPETUAL,6892.47,buy,9870.0,
44722962,72014940,1586563356925,1,6888.5,BTC-PERPETUAL,6893.34,buy,10000.0,
44722963,72014942,1586563360293,2,6888.0,BTC-PERPETUAL,6892.11,sell,400.0,
44722964,72014943,1586563360293,3,6888.0,BTC-PERPETUAL,6892.11,sell,380.0,
44722965,72014944,1586563364769,0,6888.5,BTC-PERPETUAL,6892.03,buy,800.0,
44722966,72014945,1586563364769,1,6888.5,BTC-PERPETUAL,6892.03,buy,2200.0,
44722967,72014948,1586563373117,1,6888.5,BTC-PERPETUAL,6890.9,buy,13780.0,
44722968,72014950,1586563384867,0,6889.5,BTC-PERPETUAL,6890.53,sell,20.0,
44722969,72014951,1586563384867,1,6889.5,BTC-PERPETUAL,6890.53,sell,20.0,
44722970,72014952,1586563384867,1,6889.5,BTC-PERPETUAL,6890.53,sell,70.0,
44722971,72014953,1586563384867,1,6889.5,BTC-PERPETUAL,6890.53,sell,10.0,
44722972,72014954,1586563384867,2,6888.0,BTC-PERPETUAL,6890.53,sell,380.0,
44722973,72014955,1586563395371,3,6888.0,BTC-PERPETUAL,6891.06,sell,20290.0,
44722974,72014956,1586563395371,3,6888.0,BTC-PERPETUAL,6891.06,sell,500.0,
44722975,72014957,1586563395371,3,6888.0,BTC-PERPETUAL,6891.06,sell,10.0,
44722976,72014958,1586563395371,3,6888.0,BTC-PERPETUAL,6891.06,sell,470.0,
44722977,72014959,1586563395371,3,6888.0,BTC-PERPETUAL,6891.06,sell,2200.0,
44722978,72014960,1586563395371,3,6888.0,BTC-PERPETUAL,6891.06,sell,1000.0,
44722979,72014961,1586563395371,3,6888.0,BTC-PERPETUAL,6891.06,sell,530.0,
44722980,72014982,1586563412245,2,6885.0,BTC-PERPETUAL,6889.9,sell,470.0,
44722981,72014983,1586563435406,2,6884.5,BTC-PERPETUAL,6885.28,sell,10.0,
44722982,72014984,1586563435406,3,6884.5,BTC-PERPETUAL,6885.28,sell,100.0,
44722983,72014987,1586563495451,2,6881.5,BTC-PERPETUAL,6884.39,sell,120.0,
44722984,72014988,1586563495451,3,6881.5,BTC-PERPETUAL,6884.39,sell,50.0,
44722985,72014989,1586563495451,3,6881.5,BTC-PERPETUAL,6884.39,sell,60.0,
44722986,72014990,1586563495451,3,6881.5,BTC-PERPETUAL,6884.39,sell,470.0,
44722987,72014991,1586563495451,3,6881.5,BTC-PERPETUAL,6884.39,sell,10.0,
44722988,72014992,1586563495451,3,6881.5,BTC-PERPETUAL,6884.39,sell,350.0,
44722989,72014993,1586563495451,3,6881.5,BTC-PERPETUAL,6884.39,sell,300.0,
44722990,72014994,1586563495451,3,6881.5,BTC-PERPETUAL,6884.39,sell,40.0,
44722991,72014995,1586563495451,3,6881.5,BTC-PERPETUAL,6884.39,sell,1000.0,
44722992,72014996,1586563495461,2,6880.5,BTC-PERPETUAL,6884.39,sell,120.0,
44722993,72014997,1586563495461,3,6880.5,BTC-PERPETUAL,6884.39,sell,10.0,
44722994,72014998,1586563495470,3,6880.5,BTC-PERPETUAL,6884.39,sell,20.0,
44722995,72015003,1586563495483,2,6880.0,BTC-PERPETUAL,6884.39,sell,1000.0,
44722996,72015004,1586563495483,3,6880.0,BTC-PERPETUAL,6884.39,sell,10.0,
44722997,72015005,1586563495483,3,6880.0,BTC-PERPETUAL,6884.39,sell,370.0,
44722998,72015006,1586563495483,3,6880.0,BTC-PERPETUAL,6884.39,sell,30.0,
44722999,72015008,1586563495492,2,6879.0,BTC-PERPETUAL,6884.39,sell,50.0,
44723000,72015009,1586563495492,3,6879.0,BTC-PERPETUAL,6884.39,sell,1000.0,
44723001,72015010,1586563495492,3,6879.0,BTC-PERPETUAL,6884.39,sell,20.0,
44723002,72015012,1586563495496,3,6879.0,BTC-PERPETUAL,6884.39,sell,20.0,
44723003,72015018,1586563495850,2,6878.5,BTC-PERPETUAL,6884.39,sell,10.0,
44723004,72015019,1586563495850,3,6878.5,BTC-PERPETUAL,6884.39,sell,10.0,
44723005,72015020,1586563495850,3,6878.5,BTC-PERPETUAL,6884.39,sell,10.0,
44723006,72015021,1586563495850,3,6878.5,BTC-PERPETUAL,6884.39,sell,10.0,
44723007,72015022,1586563495850,3,6878.5,BTC-PERPETUAL,6884.39,sell,70.0,
44723008,72015023,1586563495850,3,6878.5,BTC-PERPETUAL,6884.39,sell,100.0,
44723009,72015024,1586563495850,3,6878.5,BTC-PERPETUAL,6884.39,sell,100.0,
44723010,72015025,1586563495850,3,6878.5,BTC-PERPETUAL,6884.39,sell,1660.0,
44723011,72015026,1586563495852,3,6878.5,BTC-PERPETUAL,6884.39,sell,6550.0,
44723012,72015027,1586563495852,3,6878.5,BTC-PERPETUAL,6884.39,sell,1000.0,
44723013,72015028,1586563495852,3,6878.5,BTC-PERPETUAL,6884.39,sell,130.0,
44723014,72015029,1586563495855,2,6878.0,BTC-PERPETUAL,6884.39,sell,10.0,
44723015,72015030,1586563495856,3,6878.0,BTC-PERPETUAL,6884.39,sell,10.0,
44723016,72015031,1586563495856,3,6878.0,BTC-PERPETUAL,6884.39,sell,10.0,
44723017,72015032,1586563495856,3,6878.0,BTC-PERPETUAL,6884.39,sell,10.0,
44723018,72015033,1586563495856,3,6878.0,BTC-PERPETUAL,6884.39,sell,18410.0,
44723019,72015034,1586563495861,3,6878.0,BTC-PERPETUAL,6884.39,sell,11230.0,
44723020,72015036,1586563499646,2,6877.5,BTC-PERPETUAL,6883.23,sell,10.0,
44723021,72015037,1586563499646,3,6877.5,BTC-PERPETUAL,6883.23,sell,470.0,
44723022,72015038,1586563499646,3,6877.5,BTC-PERPETUAL,6883.23,sell,10.0,
44723023,72015039,1586563499646,3,6877.5,BTC-PERPETUAL,6883.23,sell,10.0,
44723024,72015040,1586563499646,3,6877.5,BTC-PERPETUAL,6883.23,sell,5730.0,
44723025,72015041,1586563499648,3,6877.5,BTC-PERPETUAL,6883.23,sell,7480.0,
44723026,72015042,1586563499651,2,6877.0,BTC-PERPETUAL,6883.23,sell,1000.0,
44723027,72015043,1586563499651,3,6877.0,BTC-PERPETUAL,6883.23,sell,370.0,
44723028,72015044,1586563499654,2,6876.5,BTC-PERPETUAL,6883.23,sell,10.0,
44723029,72015045,1586563499654,3,6876.5,BTC-PERPETUAL,6883.23,sell,10.0,
44723030,72015049,1586563499704,2,6876.0,BTC-PERPETUAL,6883.23,sell,10.0,
44723031,72015050,1586563499704,3,6876.0,BTC-PERPETUAL,6883.23,sell,10.0,
44723032,72015051,1586563499704,3,6876.0,BTC-PERPETUAL,6883.23,sell,1000.0,
44723033,72015053,1586563499708,2,6875.5,BTC-PERPETUAL,6883.23,sell,10.0,
44723034,72015054,1586563499708,3,6875.5,BTC-PERPETUAL,6883.23,sell,50.0,
44723035,72015055,1586563499708,3,6875.5,BTC-PERPETUAL,6883.23,sell,10.0,
44723036,72015056,1586563499708,3,6875.5,BTC-PERPETUAL,6883.23,sell,10.0,
44723037,72015061,1586563527847,3,6875.5,BTC-PERPETUAL,6877.74,buy,500.0,
44723038,72015062,1586563538506,3,6875.5,BTC-PERPETUAL,6880.04,buy,130.0,
44723039,72015063,1586563540801,2,6875.0,BTC-PERPETUAL,6879.44,sell,10.0,
44723040,72015064,1586563540801,3,6875.0,BTC-PERPETUAL,6879.44,sell,10.0,
44723041,72015065,1586563540801,3,6875.0,BTC-PERPETUAL,6879.44,sell,30.0,
44723042,72015066,1586563540801,3,6875.0,BTC-PERPETUAL,6879.44,sell,520.0,
44723043,72015067,1586563540801,3,6875.0,BTC-PERPETUAL,6879.44,sell,470.0,
44723044,72015068,1586563540801,3,6875.0,BTC-PERPETUAL,6879.44,sell,330.0,
44723045,72015069,1586563540801,3,6875.0,BTC-PERPETUAL,6879.44,sell,630.0,
44723046,72015071,1586563567126,0,6875.5,BTC-PERPETUAL,6879.88,buy,120.0,
44723047,72015072,1586563567126,1,6875.5,BTC-PERPETUAL,6879.88,buy,110.0,
44723048,72015073,1586563567126,1,6875.5,BTC-PERPETUAL,6879.88,buy,10.0,
44723049,72015074,1586563567126,1,6875.5,BTC-PERPETUAL,6879.88,buy,10.0,
44723050,72015075,1586563567126,1,6875.5,BTC-PERPETUAL,6879.88,buy,10.0,
44723051,72015076,1586563567126,1,6875.5,BTC-PERPETUAL,6879.88,buy,10.0,
44723052,72015077,1586563567126,1,6875.5,BTC-PERPETUAL,6879.88,buy,520.0,
44723053,72015078,1586563567126,1,6875.5,BTC-PERPETUAL,6879.88,buy,1610.0,
44723054,72015082,1586563567280,1,6875.5,BTC-PERPETUAL,6879.88,buy,2000.0,
44723055,72015083,1586563567280,1,6875.5,BTC-PERPETUAL,6879.88,buy,760.0,
44723056,72015124,1586563624341,0,6876.0,BTC-PERPETUAL,6878.85,sell,500.0,
44723057,72015125,1586563624341,1,6876.0,BTC-PERPETUAL,6878.85,sell,470.0,
44723058,72015126,1586563624341,1,6876.0,BTC-PERPETUAL,6878.85,sell,380.0,
44723059,72015127,1586563624341,1,6876.0,BTC-PERPETUAL,6878.85,sell,1050.0,
44723060,72015129,1586563626955,1,6876.0,BTC-PERPETUAL,6876.99,sell,1450.0,
44723061,72015130,1586563626955,1,6876.0,BTC-PERPETUAL,6876.99,sell,300.0,
44723062,72015131,1586563626955,1,6876.0,BTC-PERPETUAL,6876.99,sell,470.0,
44723063,72015133,1586563629336,2,6874.5,BTC-PERPETUAL,6877.02,sell,10.0,
44723064,72015134,1586563629336,3,6874.5,BTC-PERPETUAL,6877.02,sell,330.0,
44723065,72015135,1586563629336,3,6874.5,BTC-PERPETUAL,6877.02,sell,40.0,
44723066,72015136,1586563629336,3,6874.5,BTC-PERPETUAL,6877.02,sell,40.0,
44723067,72015137,1586563629336,3,6874.5,BTC-PERPETUAL,6877.02,sell,40.0,
44723068,72015138,1586563629336,3,6874.5,BTC-PERPETUAL,6877.02,sell,40.0,
44723069,72015139,1586563629336,3,6874.5,BTC-PERPETUAL,6877.02,sell,40.0,
44723070,72015140,1586563629336,3,6874.5,BTC-PERPETUAL,6877.02,sell,470.0,
44723071,72015141,1586563629336,2,6874.0,BTC-PERPETUAL,6877.02,sell,10.0,
44723072,72015142,1586563629336,3,6874.0,BTC-PERPETUAL,6877.02,sell,10.0,
44723073,72015143,1586563629336,3,6874.0,BTC-PERPETUAL,6877.02,sell,320.0,
44723074,72015144,1586563629336,3,6874.0,BTC-PERPETUAL,6877.02,sell,40.0,
44723075,72015145,1586563629336,3,6874.0,BTC-PERPETUAL,6877.02,sell,950.0,
44723076,72015146,1586563629336,3,6874.0,BTC-PERPETUAL,6877.02,sell,900.0,
44723077,72015147,1586563629336,3,6874.0,BTC-PERPETUAL,6877.02,sell,50.0,
44723078,72015148,1586563629336,2,6873.5,BTC-PERPETUAL,6877.02,sell,10.0,
44723079,72015149,1586563629336,3,6873.5,BTC-PERPETUAL,6877.02,sell,60.0,
44723080,72015150,1586563629336,3,6873.5,BTC-PERPETUAL,6877.02,sell,10.0,
44723081,72015151,1586563629336,3,6873.5,BTC-PERPETUAL,6877.02,sell,60.0,
44723082,72015152,1586563629336,3,6873.5,BTC-PERPETUAL,6877.02,sell,250.0,
44723083,72015153,1586563629336,2,6873.0,BTC-PERPETUAL,6877.02,sell,40.0,
44723084,72015154,1586563629336,3,6873.0,BTC-PERPETUAL,6877.02,sell,250.0,
44723085,72015155,1586563629336,2,6872.5,BTC-PERPETUAL,6877.02,sell,20.0,
44723086,72015156,1586563629336,3,6872.5,BTC-PERPETUAL,6877.02,sell,20.0,
44723087,72015157,1586563629336,3,6872.5,BTC-PERPETUAL,6877.02,sell,90.0,
44723088,72015158,1586563629336,3,6872.5,BTC-PERPETUAL,6877.02,sell,3000.0,
44723089,72015159,1586563629336,2,6872.0,BTC-PERPETUAL,6877.02,sell,1000.0,
44723090,72015160,1586563629336,3,6872.0,BTC-PERPETUAL,6877.02,sell,150.0,
44723091,72015161,1586563629336,3,6872.0,BTC-PERPETUAL,6877.02,sell,1000.0,
44723092,72015162,1586563629336,3,6872.0,BTC-PERPETUAL,6877.02,sell,200.0,
44723093,72015163,1586563629336,3,6872.0,BTC-PERPETUAL,6877.02,sell,3930.0,
44723094,72015164,1586563629336,2,6871.5,BTC-PERPETUAL,6877.02,sell,1000.0,
44723095,72015165,1586563629336,3,6871.5,BTC-PERPETUAL,6877.02,sell,50.0,
44723096,72015166,1586563629336,3,6871.5,BTC-PERPETUAL,6877.02,sell,10.0,
44723097,72015167,1586563629336,3,6871.5,BTC-PERPETUAL,6877.02,sell,300.0,
44723098,72015168,1586563629336,3,6871.5,BTC-PERPETUAL,6877.02,sell,260.0,
44723099,72015173,1586563645732,0,6872.0,BTC-PERPETUAL,6876.32,buy,260.0,
44723100,72015174,1586563645732,1,6872.0,BTC-PERPETUAL,6876.32,buy,40.0,
44723101,72015175,1586563645732,1,6872.0,BTC-PERPETUAL,6876.32,buy,10.0,
44723102,72015177,1586563698212,0,6874.5,BTC-PERPETUAL,6875.97,buy,1000.0,
44723103,72015178,1586563698212,1,6874.5,BTC-PERPETUAL,6875.97,buy,10.0,
44723104,72015179,1586563698212,1,6874.5,BTC-PERPETUAL,6875.97,buy,10.0,
44723105,72015180,1586563698212,1,6874.5,BTC-PERPETUAL,6875.97,buy,3100.0,
44723106,72015181,1586563698212,1,6874.5,BTC-PERPETUAL,6875.97,buy,8210.0,
44723107,72015182,1586563698212,1,6874.5,BTC-PERPETUAL,6875.97,buy,2670.0,
44723108,72015184,1586563712853,2,6874.0,BTC-PERPETUAL,6876.09,sell,400.0,
44723109,72015185,1586563719324,3,6874.0,BTC-PERPETUAL,6875.89,sell,70.0,
44723110,72015186,1586563719324,3,6874.0,BTC-PERPETUAL,6875.89,sell,10.0,
44723111,72015187,1586563719324,3,6874.0,BTC-PERPETUAL,6875.89,sell,10.0,
44723112,72015188,1586563719324,3,6874.0,BTC-PERPETUAL,6875.89,sell,370.0,
44723113,72015189,1586563719324,3,6874.0,BTC-PERPETUAL,6875.89,sell,30.0,
44723114,72015190,1586563719324,2,6872.5,BTC-PERPETUAL,6875.89,sell,10.0,
44723115,72015191,1586563750439,3,6872.5,BTC-PERPETUAL,6875.14,buy,1000.0,
44723116,72015192,1586563750439,3,6872.5,BTC-PERPETUAL,6875.14,buy,100.0,
44723117,72015193,1586563786672,2,6872.0,BTC-PERPETUAL,6875.35,sell,30.0,
44723118,72015194,1586563786672,3,6872.0,BTC-PERPETUAL,6875.35,sell,470.0,
44723119,72015195,1586563786672,3,6872.0,BTC-PERPETUAL,6875.35,sell,10.0,
44723120,72015196,1586563786672,3,6872.0,BTC-PERPETUAL,6875.35,sell,1550.0,
44723121,72015197,1586563790071,3,6872.0,BTC-PERPETUAL,6875.11,sell,5000.0,
44723122,72015199,1586563805492,0,6872.5,BTC-PERPETUAL,6874.98,buy,30.0,
44723123,72015200,1586563805492,1,6872.5,BTC-PERPETUAL,6874.98,buy,10.0,
44723124,72015201,1586563805492,1,6872.5,BTC-PERPETUAL,6874.98,buy,110.0,
44723125,72015202,1586563805492,1,6872.5,BTC-PERPETUAL,6874.98,buy,10.0,
44723126,72015203,1586563806400,0,6874.0,BTC-PERPETUAL,6875.19,buy,30.0,
44723127,72015204,1586563806400,1,6874.0,BTC-PERPETUAL,6875.19,buy,680.0,
44723128,72015206,1586563806567,1,6874.0,BTC-PERPETUAL,6875.64,buy,2240.0,
44723129,72015207,1586563816705,0,6874.5,BTC-PERPETUAL,6877.72,buy,1000.0,
44723130,72015208,1586563850387,1,6874.5,BTC-PERPETUAL,6878.42,buy,1500.0,
44723131,72015209,1586563850387,1,6874.5,BTC-PERPETUAL,6878.42,buy,10.0,
44723132,72015210,1586563850387,1,6874.5,BTC-PERPETUAL,6878.42,buy,10.0,
44723133,72015211,1586563850387,1,6874.5,BTC-PERPETUAL,6878.42,buy,2000.0,
44723134,72015212,1586563850387,0,6875.5,BTC-PERPETUAL,6878.42,buy,10.0,
44723135,72015213,1586563850387,1,6875.5,BTC-PERPETUAL,6878.42,buy,1280.0,
44723136,72015214,1586563893057,1,6875.5,BTC-PERPETUAL,6880.0,buy,1220.0,
44723137,72015215,1586563893057,1,6875.5,BTC-PERPETUAL,6880.0,buy,10.0,
44723138,72015216,1586563893057,1,6875.5,BTC-PERPETUAL,6880.0,buy,110.0,
44723139,72015217,1586563893057,1,6875.5,BTC-PERPETUAL,6880.0,buy,10.0,
44723140,72015218,1586563893057,1,6875.5,BTC-PERPETUAL,6880.0,buy,10.0,
44723141,72015219,1586563893057,1,6875.5,BTC-PERPETUAL,6880.0,buy,1000.0,
44723142,72015220,1586563893057,0,6876.0,BTC-PERPETUAL,6880.0,buy,30.0,
44723143,72015221,1586563893057,1,6876.0,BTC-PERPETUAL,6880.0,buy,100.0,
44723144,72015222,1586563893057,1,6876.0,BTC-PERPETUAL,6880.0,buy,1500.0,
44723145,72015223,1586563893057,1,6876.0,BTC-PERPETUAL,6880.0,buy,150.0,
44723146,72015224,1586563893057,1,6876.0,BTC-PERPETUAL,6880.0,buy,100.0,
44723147,72015225,1586563893057,0,6876.5,BTC-PERPETUAL,6880.0,buy,10.0,
44723148,72015226,1586563893057,1,6876.5,BTC-PERPETUAL,6880.0,buy,10.0,
44723149,72015227,1586563893057,1,6876.5,BTC-PERPETUAL,6880.0,buy,2500.0,
44723150,72015228,1586563893057,0,6877.5,BTC-PERPETUAL,6880.0,buy,2500.0,
44723151,72015229,1586563893057,1,6877.5,BTC-PERPETUAL,6880.0,buy,740.0,
44723152,72015230,1586563912123,2,6877.0,BTC-PERPETUAL,6880.01,sell,470.0,
44723153,72015231,1586563912123,3,6877.0,BTC-PERPETUAL,6880.01,sell,60.0,
44723154,72015232,1586563912123,3,6877.0,BTC-PERPETUAL,6880.01,sell,30.0,
44723155,72015233,1586563912959,2,6876.0,BTC-PERPETUAL,6878.68,sell,470.0,
44723156,72015238,1586563918988,2,6875.5,BTC-PERPETUAL,6876.81,sell,10.0,
44723157,72015239,1586563918988,3,6875.5,BTC-PERPETUAL,6876.81,sell,10.0,
44723158,72015240,1586563918988,3,6875.5,BTC-PERPETUAL,6876.81,sell,380.0,
44723159,72015242,1586563938849,0,6876.0,BTC-PERPETUAL,6876.08,buy,21920.0,
44723160,72015243,1586563943024,2,6875.5,BTC-PERPETUAL,6876.0,sell,90.0,
44723161,72015244,1586563943024,3,6875.5,BTC-PERPETUAL,6876.0,sell,10.0,
44723162,72015245,1586563943024,3,6875.5,BTC-PERPETUAL,6876.0,sell,10.0,
44723163,72015246,1586563943024,3,6875.5,BTC-PERPETUAL,6876.0,sell,20.0,
44723164,72015247,1586563949056,2,6875.0,BTC-PERPETUAL,6875.81,sell,50.0,
44723165,72015248,1586563949056,3,6875.0,BTC-PERPETUAL,6875.81,sell,470.0,
44723166,72015250,1586563951103,2,6874.5,BTC-PERPETUAL,6875.62,sell,150.0,
44723167,72015251,1586563951103,3,6874.5,BTC-PERPETUAL,6875.62,sell,470.0,
44723168,72015252,1586563951928,2,6874.0,BTC-PERPETUAL,6875.4,sell,2000.0,
44723169,72015253,1586563951928,3,6874.0,BTC-PERPETUAL,6875.4,sell,470.0,
44723170,72015254,1586563951928,2,6873.0,BTC-PERPETUAL,6875.4,sell,110.0,
44723171,72015255,1586563951928,2,6872.5,BTC-PERPETUAL,6875.4,sell,3000.0,
44723172,72015256,1586563951928,3,6872.5,BTC-PERPETUAL,6875.4,sell,5420.0,
44723173,72015267,1586563991666,0,6873.5,BTC-PERPETUAL,6875.57,buy,10.0,
44723174,72015268,1586563991666,1,6873.5,BTC-PERPETUAL,6875.57,buy,110.0,
44723175,72015269,1586563996098,0,6874.5,BTC-PERPETUAL,6877.83,buy,10.0,
44723176,72015270,1586563997233,0,6875.0,BTC-PERPETUAL,6878.11,sell,50.0,
44723177,72015271,1586564009313,0,6876.0,BTC-PERPETUAL,6878.96,buy,10.0,
44723178,72015272,1586564009313,1,6876.0,BTC-PERPETUAL,6878.96,buy,40.0,
44723179,72015273,1586564010472,1,6876.0,BTC-PERPETUAL,6878.95,buy,50.0,
44723180,72015276,1586564012567,0,6876.5,BTC-PERPETUAL,6879.02,buy,10.0,
44723181,72015277,1586564012567,1,6876.5,BTC-PERPETUAL,6879.02,buy,10.0,
44723182,72015278,1586564012567,1,6876.5,BTC-PERPETUAL,6879.02,buy,30.0,
44723183,72015280,1586564016811,0,6877.0,BTC-PERPETUAL,6878.77,buy,50.0,
44723184,72015283,1586564040330,0,6877.5,BTC-PERPETUAL,6879.66,buy,300.0,
44723185,72015285,1586564052967,1,6877.5,BTC-PERPETUAL,6880.42,buy,700.0,
44723186,72015286,1586564052967,1,6877.5,BTC-PERPETUAL,6880.42,buy,10.0,
44723187,72015287,1586564052967,1,6877.5,BTC-PERPETUAL,6880.42,buy,10.0,
44723188,72015288,1586564052967,1,6877.5,BTC-PERPETUAL,6880.42,buy,100.0,
44723189,72015289,1586564052967,1,6877.5,BTC-PERPETUAL,6880.42,buy,110.0,
44723190,72015290,1586564052974,0,6878.5,BTC-PERPETUAL,6880.42,buy,60.0,
44723191,72015291,1586564052974,1,6878.5,BTC-PERPETUAL,6880.42,buy,60.0,
44723192,72015292,1586564052974,1,6878.5,BTC-PERPETUAL,6880.42,buy,570.0,
44723193,72015297,1586564053967,1,6878.5,BTC-PERPETUAL,6880.63,buy,560.0,
44723194,72015298,1586564061856,1,6878.5,BTC-PERPETUAL,6883.68,buy,500.0,
44723195,72015299,1586564067438,1,6878.5,BTC-PERPETUAL,6883.74,buy,40.0,
44723196,72015300,1586564080887,1,6878.5,BTC-PERPETUAL,6884.28,buy,830.0,
44723197,72015301,1586564080887,1,6878.5,BTC-PERPETUAL,6884.28,buy,170.0,
44723198,72015302,1586564082730,1,6878.5,BTC-PERPETUAL,6884.62,buy,230.0,
44723199,72015303,1586564082730,1,6878.5,BTC-PERPETUAL,6884.62,buy,10.0,
44723200,72015304,1586564082730,1,6878.5,BTC-PERPETUAL,6884.62,buy,30.0,
44723201,72015305,1586564082730,1,6878.5,BTC-PERPETUAL,6884.62,buy,10.0,
44723202,72015306,1586564082730,0,6879.0,BTC-PERPETUAL,6884.62,buy,190.0,
44723203,72015312,1586564097641,1,6879.0,BTC-PERPETUAL,6884.77,buy,110.0,
44723204,72015313,1586564097641,1,6879.0,BTC-PERPETUAL,6884.77,buy,400.0,
44723205,72015314,1586564097641,1,6879.0,BTC-PERPETUAL,6884.77,buy,10.0,
44723206,72015315,1586564097641,1,6879.0,BTC-PERPETUAL,6884.77,buy,30.0,
44723207,72015316,1586564097641,0,6879.5,BTC-PERPETUAL,6884.77,buy,330.0,
44723208,72015319,1586564114964,1,6879.5,BTC-PERPETUAL,6885.08,buy,10.0,
44723209,72015320,1586564135257,1,6879.5,BTC-PERPETUAL,6885.05,buy,2000.0,
44723210,72015325,1586564148825,2,6879.0,BTC-PERPETUAL,6884.94,sell,200.0,
44723211,72015326,1586564148825,3,6879.0,BTC-PERPETUAL,6884.94,sell,100.0,
44723212,72015327,1586564156777,0,6879.5,BTC-PERPETUAL,6884.66,buy,160.0,
44723213,72015328,1586564156777,1,6879.5,BTC-PERPETUAL,6884.66,buy,110.0,
44723214,72015329,1586564156777,1,6879.5,BTC-PERPETUAL,6884.66,buy,10.0,
44723215,72015330,1586564156777,1,6879.5,BTC-PERPETUAL,6884.66,buy,20.0,
44723216,72015331,1586564156777,1,6879.5,BTC-PERPETUAL,6884.66,buy,10.0,
44723217,72015332,1586564156777,1,6879.5,BTC-PERPETUAL,6884.66,buy,1000.0,
44723218,72015333,1586564156777,1,6879.5,BTC-PERPETUAL,6884.66,buy,100.0,
44723219,72015334,1586564156777,1,6879.5,BTC-PERPETUAL,6884.66,buy,2000.0,
44723220,72015335,1586564156777,1,6879.5,BTC-PERPETUAL,6884.66,buy,1590.0,
44723221,72015337,1586564204742,0,6880.0,BTC-PERPETUAL,6885.89,buy,370.0,
44723222,72015338,1586564204742,1,6880.0,BTC-PERPETUAL,6885.89,buy,60.0,
44723223,72015339,1586564204742,1,6880.0,BTC-PERPETUAL,6885.89,buy,20.0,
44723224,72015340,1586564204742,1,6880.0,BTC-PERPETUAL,6885.89,buy,210.0,
44723225,72015341,1586564204742,1,6880.0,BTC-PERPETUAL,6885.89,buy,50.0,
44723226,72015342,1586564204742,1,6880.0,BTC-PERPETUAL,6885.89,buy,50.0,
44723227,72015343,1586564204742,1,6880.0,BTC-PERPETUAL,6885.89,buy,100.0,
44723228,72015344,1586564204742,1,6880.0,BTC-PERPETUAL,6885.89,buy,100.0,
44723229,72015345,1586564204742,1,6880.0,BTC-PERPETUAL,6885.89,buy,30.0,
44723230,72015346,1586564204742,1,6880.0,BTC-PERPETUAL,6885.89,buy,10.0,
44723231,72015347,1586564204742,1,6880.0,BTC-PERPETUAL,6885.89,buy,110.0,
44723232,72015348,1586564204742,1,6880.0,BTC-PERPETUAL,6885.89,buy,20.0,
44723233,72015349,1586564212231,0,6880.5,BTC-PERPETUAL,6886.36,buy,10.0,
44723234,72015350,1586564212231,1,6880.5,BTC-PERPETUAL,6886.36,buy,2190.0,
44723235,72015351,1586564228548,1,6880.5,BTC-PERPETUAL,6886.26,buy,310.0,
44723236,72015352,1586564228548,1,6880.5,BTC-PERPETUAL,6886.26,buy,10.0,
44723237,72015353,1586564228548,1,6880.5,BTC-PERPETUAL,6886.26,buy,50.0,
44723238,72015359,1586564271576,2,6880.0,BTC-PERPETUAL,6883.29,sell,400.0,
44723239,72015360,1586564271576,3,6880.0,BTC-PERPETUAL,6883.29,sell,40.0,
44723240,72015361,1586564271576,3,6880.0,BTC-PERPETUAL,6883.29,sell,290.0,
44723241,72015362,1586564271881,3,6880.0,BTC-PERPETUAL,6883.41,sell,180.0,
44723242,72015363,1586564271881,3,6880.0,BTC-PERPETUAL,6883.41,sell,530.0,
44723243,72015364,1586564273263,3,6880.0,BTC-PERPETUAL,6883.07,sell,10.0,
44723244,72015365,1586564273263,3,6880.0,BTC-PERPETUAL,6883.07,sell,690.0,
44723245,72015366,1586564273263,3,6880.0,BTC-PERPETUAL,6883.07,sell,1700.0,
44723246,72015368,1586564273579,3,6880.0,BTC-PERPETUAL,6883.07,sell,5170.0,
44723247,72015369,1586564273579,3,6880.0,BTC-PERPETUAL,6883.07,sell,3440.0,
44723248,72015370,1586564273579,3,6880.0,BTC-PERPETUAL,6883.07,sell,130.0,
44723249,72015383,1586564274959,2,6879.0,BTC-PERPETUAL,6880.22,sell,500.0,
44723250,72015384,1586564274975,2,6878.5,BTC-PERPETUAL,6880.22,sell,50.0,
44723251,72015385,1586564274975,3,6878.5,BTC-PERPETUAL,6880.22,sell,10.0,
44723252,72015387,1586564304212,2,6877.0,BTC-PERPETUAL,6878.16,sell,50.0,
44723253,72015388,1586564304212,3,6877.0,BTC-PERPETUAL,6878.16,sell,50.0,
44723254,72015389,1586564304212,3,6877.0,BTC-PERPETUAL,6878.16,sell,500.0,
44723255,72015390,1586564304212,3,6877.0,BTC-PERPETUAL,6878.16,sell,30.0,
44723256,72015391,1586564304212,3,6877.0,BTC-PERPETUAL,6878.16,sell,10.0,
44723257,72015392,1586564304212,3,6877.0,BTC-PERPETUAL,6878.16,sell,60.0,
44723258,72015393,1586564304212,3,6877.0,BTC-PERPETUAL,6878.16,sell,20.0,
44723259,72015394,1586564304212,3,6877.0,BTC-PERPETUAL,6878.16,sell,10.0,
44723260,72015395,1586564304212,2,6876.5,BTC-PERPETUAL,6878.16,sell,500.0,
44723261,72015396,1586564304212,3,6876.5,BTC-PERPETUAL,6878.16,sell,100.0,
44723262,72015397,1586564304212,3,6876.5,BTC-PERPETUAL,6878.16,sell,300.0,
44723263,72015398,1586564304212,2,6876.0,BTC-PERPETUAL,6878.16,sell,370.0,
44723264,72015399,1586564330900,0,6876.5,BTC-PERPETUAL,6879.56,buy,10.0,
44723265,72015400,1586564330900,1,6876.5,BTC-PERPETUAL,6879.56,buy,1070.0,
44723266,72015403,1586564331442,0,6877.5,BTC-PERPETUAL,6879.53,buy,110.0,
44723267,72015404,1586564342287,0,6878.5,BTC-PERPETUAL,6882.42,buy,100.0,
44723268,72015407,1586564379404,2,6878.0,BTC-PERPETUAL,6877.98,sell,10.0,
44723269,72015408,1586564379404,3,6878.0,BTC-PERPETUAL,6877.98,sell,10.0,
44723270,72015409,1586564382227,2,6876.5,BTC-PERPETUAL,6877.94,buy,100.0,
44723271,72015411,1586564391054,2,6876.0,BTC-PERPETUAL,6877.24,sell,90.0,
44723272,72015412,1586564391548,3,6876.0,BTC-PERPETUAL,6877.24,sell,500.0,
44723273,72015413,1586564391548,3,6876.0,BTC-PERPETUAL,6877.24,sell,10.0,
44723274,72015414,1586564391548,3,6876.0,BTC-PERPETUAL,6877.24,sell,10.0,
44723275,72015415,1586564391548,2,6875.5,BTC-PERPETUAL,6877.24,sell,10.0,
44723276,72015416,1586564391548,3,6875.5,BTC-PERPETUAL,6877.24,sell,10.0,
44723277,72015417,1586564391548,2,6875.0,BTC-PERPETUAL,6877.24,sell,370.0,
44723278,72015418,1586564391548,3,6875.0,BTC-PERPETUAL,6877.24,sell,60.0,
44723279,72015419,1586564391548,3,6875.0,BTC-PERPETUAL,6877.24,sell,20.0,
44723280,72015420,1586564391551,3,6875.0,BTC-PERPETUAL,6877.24,sell,80.0,
44723281,72015421,1586564391558,2,6874.5,BTC-PERPETUAL,6877.24,sell,720.0,
44723282,72015422,1586564392126,3,6874.5,BTC-PERPETUAL,6876.79,sell,220.0,
44723283,72015423,1586564402541,3,6874.5,BTC-PERPETUAL,6874.86,sell,40.0,
44723284,72015424,1586564414515,3,6874.5,BTC-PERPETUAL,6874.81,sell,770.0,
44723285,72015425,1586564414595,3,6874.5,BTC-PERPETUAL,6874.81,sell,600.0,
44723286,72015432,1586564428523,3,6874.5,BTC-PERPETUAL,6873.94,sell,500.0,
44723287,72015433,1586564428582,3,6874.5,BTC-PERPETUAL,6873.94,sell,1480.0,
44723288,72015434,1586564428603,3,6874.5,BTC-PERPETUAL,6873.94,sell,640.0,
44723289,72015435,1586564428636,3,6874.5,BTC-PERPETUAL,6873.94,sell,2020.0,
44723290,72015436,1586564428638,3,6874.5,BTC-PERPETUAL,6873.94,sell,5100.0,
44723291,72015437,1586564428638,3,6874.5,BTC-PERPETUAL,6873.94,sell,1650.0,
44723292,72015438,1586564428638,3,6874.5,BTC-PERPETUAL,6873.94,sell,10.0,
44723293,72015439,1586564428638,3,6874.5,BTC-PERPETUAL,6873.94,sell,20.0,
44723294,72015440,1586564428638,3,6874.5,BTC-PERPETUAL,6873.94,sell,10.0,
44723295,72015441,1586564428638,3,6874.5,BTC-PERPETUAL,6873.94,sell,10.0,
44723296,72015442,1586564428705,2,6874.0,BTC-PERPETUAL,6873.94,sell,70.0,
44723297,72015443,1586564428705,2,6873.5,BTC-PERPETUAL,6873.94,sell,60.0,
44723298,72015444,1586564428705,3,6873.5,BTC-PERPETUAL,6873.94,sell,60.0,
44723299,72015445,1586564428705,2,6873.0,BTC-PERPETUAL,6873.94,sell,350.0,
44723300,72015446,1586564428705,3,6873.0,BTC-PERPETUAL,6873.94,sell,280.0,
44723301,72015447,1586564429225,3,6873.0,BTC-PERPETUAL,6873.29,sell,20.0,
44723302,72015448,1586564432986,2,6871.5,BTC-PERPETUAL,6872.69,sell,130.0,
44723303,72015449,1586564432986,3,6871.5,BTC-PERPETUAL,6872.69,sell,170.0,
44723304,72015451,1586564436960,3,6871.5,BTC-PERPETUAL,6871.75,sell,30.0,
44723305,72015452,1586564436960,3,6871.5,BTC-PERPETUAL,6871.75,sell,10.0,
44723306,72015453,1586564437258,2,6871.0,BTC-PERPETUAL,6871.75,sell,10.0,
44723307,72015454,1586564437258,3,6871.0,BTC-PERPETUAL,6871.75,sell,10.0,
44723308,72015455,1586564447184,2,6870.0,BTC-PERPETUAL,6870.72,sell,10.0,
44723309,72015456,1586564447184,3,6870.0,BTC-PERPETUAL,6870.72,sell,370.0,
44723310,72015457,1586564447184,3,6870.0,BTC-PERPETUAL,6870.72,sell,60.0,
44723311,72015458,1586564447184,3,6870.0,BTC-PERPETUAL,6870.72,sell,90.0,
44723312,72015459,1586564449399,3,6870.0,BTC-PERPETUAL,6870.72,sell,110.0,
44723313,72015460,1586564449399,3,6870.0,BTC-PERPETUAL,6870.72,sell,250.0,
44723314,72015461,1586564449399,3,6870.0,BTC-PERPETUAL,6870.72,sell,450.0,
44723315,72015462,1586564449399,3,6870.0,BTC-PERPETUAL,6870.72,sell,10.0,
44723316,72015463,1586564449399,3,6870.0,BTC-PERPETUAL,6870.72,sell,30.0,
44723317,72015464,1586564449399,3,6870.0,BTC-PERPETUAL,6870.72,sell,10.0,
44723318,72015465,1586564449399,2,6869.5,BTC-PERPETUAL,6870.72,sell,1120.0,
44723319,72015466,1586564450817,3,6869.5,BTC-PERPETUAL,6869.88,sell,2990.0,
44723320,72015467,1586564450817,3,6869.5,BTC-PERPETUAL,6869.88,sell,60.0,
44723321,72015468,1586564450817,3,6869.5,BTC-PERPETUAL,6869.88,sell,370.0,
44723322,72015469,1586564450817,3,6869.5,BTC-PERPETUAL,6869.88,sell,60.0,
44723323,72015470,1586564450817,3,6869.5,BTC-PERPETUAL,6869.88,sell,10.0,
44723324,72015472,1586564451039,2,6869.0,BTC-PERPETUAL,6869.61,sell,50.0,
44723325,72015473,1586564451039,3,6869.0,BTC-PERPETUAL,6869.61,sell,10.0,
44723326,72015474,1586564451039,3,6869.0,BTC-PERPETUAL,6869.61,sell,490.0,
44723327,72015475,1586564451039,3,6869.0,BTC-PERPETUAL,6869.61,sell,40.0,
44723328,72015476,1586564451671,2,6868.0,BTC-PERPETUAL,6869.61,sell,10.0,
44723329,72015477,1586564451671,3,6868.0,BTC-PERPETUAL,6869.61,sell,30.0,
44723330,72015478,1586564451671,3,6868.0,BTC-PERPETUAL,6869.61,sell,30.0,
44723331,72015479,1586564451671,3,6868.0,BTC-PERPETUAL,6869.61,sell,90.0,
44723332,72015480,1586564451671,3,6868.0,BTC-PERPETUAL,6869.61,sell,200.0,
44723333,72015481,1586564452284,2,6867.5,BTC-PERPETUAL,6868.91,sell,160.0,
44723334,72015482,1586564452284,3,6867.5,BTC-PERPETUAL,6868.91,sell,380.0,
44723335,72015483,1586564452284,3,6867.5,BTC-PERPETUAL,6868.91,sell,130.0,
44723336,72015486,1586564469532,3,6867.5,BTC-PERPETUAL,6865.99,sell,20.0,
44723337,72015487,1586564469532,3,6867.5,BTC-PERPETUAL,6865.99,sell,10.0,
44723338,72015488,1586564469532,3,6867.5,BTC-PERPETUAL,6865.99,sell,50.0,
44723339,72015489,1586564469532,3,6867.5,BTC-PERPETUAL,6865.99,sell,520.0,
44723340,72015490,1586564469532,3,6867.5,BTC-PERPETUAL,6865.99,sell,10.0,
44723341,72015491,1586564469532,3,6867.5,BTC-PERPETUAL,6865.99,sell,370.0,
44723342,72015492,1586564469532,2,6867.0,BTC-PERPETUAL,6865.99,sell,10.0,
44723343,72015493,1586564469532,2,6866.5,BTC-PERPETUAL,6865.99,sell,420.0,
44723344,72015494,1586564469532,3,6866.5,BTC-PERPETUAL,6865.99,sell,420.0,
44723345,72015495,1586564469532,2,6866.0,BTC-PERPETUAL,6865.99,sell,600.0,
44723346,72015496,1586564469532,2,6865.5,BTC-PERPETUAL,6865.99,sell,60.0,
44723347,72015497,1586564469532,3,6865.5,BTC-PERPETUAL,6865.99,sell,720.0,
44723348,72015498,1586564469532,2,6865.0,BTC-PERPETUAL,6865.99,sell,10.0,
44723349,72015499,1586564469532,3,6865.0,BTC-PERPETUAL,6865.99,sell,200.0,
44723350,72015500,1586564469532,2,6864.5,BTC-PERPETUAL,6865.99,sell,30.0,
44723351,72015501,1586564469532,3,6864.5,BTC-PERPETUAL,6865.99,sell,30.0,
44723352,72015502,1586564469532,3,6864.5,BTC-PERPETUAL,6865.99,sell,1000.0,
44723353,72015503,1586564469532,3,6864.5,BTC-PERPETUAL,6865.99,sell,10.0,
44723354,72015504,1586564469532,3,6864.5,BTC-PERPETUAL,6865.99,sell,370.0,
44723355,72015505,1586564469532,3,6864.5,BTC-PERPETUAL,6865.99,sell,300.0,
44723356,72015506,1586564469532,2,6864.0,BTC-PERPETUAL,6865.99,sell,60.0,
44723357,72015507,1586564469532,3,6864.0,BTC-PERPETUAL,6865.99,sell,370.0,
44723358,72015508,1586564469532,3,6864.0,BTC-PERPETUAL,6865.99,sell,50.0,
44723359,72015509,1586564469532,3,6864.0,BTC-PERPETUAL,6865.99,sell,10.0,
44723360,72015510,1586564469532,3,6864.0,BTC-PERPETUAL,6865.99,sell,1000.0,
44723361,72015511,1586564469532,3,6864.0,BTC-PERPETUAL,6865.99,sell,250.0,
44723362,72015512,1586564469532,2,6863.5,BTC-PERPETUAL,6865.99,sell,4110.0,
44723363,72015513,1586564469532,3,6863.5,BTC-PERPETUAL,6865.99,sell,29630.0,
44723364,72015514,1586564469532,3,6863.5,BTC-PERPETUAL,6865.99,sell,250.0,
44723365,72015515,1586564469532,2,6863.0,BTC-PERPETUAL,6865.99,sell,110.0,
44723366,72015516,1586564469532,3,6863.0,BTC-PERPETUAL,6865.99,sell,900.0,
44723367,72015517,1586564469532,3,6863.0,BTC-PERPETUAL,6865.99,sell,300.0,
44723368,72015518,1586564469532,3,6863.0,BTC-PERPETUAL,6865.99,sell,100.0,
44723369,72015519,1586564469532,3,6863.0,BTC-PERPETUAL,6865.99,sell,13730.0,
44723370,72015520,1586564469532,3,6863.0,BTC-PERPETUAL,6865.99,sell,110.0,
44723371,72015521,1586564469532,3,6863.0,BTC-PERPETUAL,6865.99,sell,3860.0,
44723372,72015522,1586564484644,0,6863.5,BTC-PERPETUAL,6865.69,buy,540.0,
44723373,72015523,1586564484644,1,6863.5,BTC-PERPETUAL,6865.69,buy,20.0,
44723374,72015524,1586564484644,1,6863.5,BTC-PERPETUAL,6865.69,buy,20.0,
44723375,72015525,1586564516028,0,6865.0,BTC-PERPETUAL,6865.86,sell,470.0,
44723376,72015526,1586564516028,1,6865.0,BTC-PERPETUAL,6865.86,sell,10.0,
44723377,72015527,1586564516028,1,6865.0,BTC-PERPETUAL,6865.86,sell,40.0,
44723378,72015528,1586564516028,1,6865.0,BTC-PERPETUAL,6865.86,sell,60.0,
44723379,72015529,1586564516117,2,6863.0,BTC-PERPETUAL,6865.86,sell,10.0,
44723380,72015540,1586564516505,3,6863.0,BTC-PERPETUAL,6865.21,sell,1000.0,
44723381,72015541,1586564516513,3,6863.0,BTC-PERPETUAL,6865.21,sell,1000.0,
44723382,72015542,1586564516534,3,6863.0,BTC-PERPETUAL,6865.21,sell,10.0,
44723383,72015543,1586564516543,2,6862.5,BTC-PERPETUAL,6865.21,sell,360.0,
44723384,72015544,1586564516543,3,6862.5,BTC-PERPETUAL,6865.21,sell,90.0,
44723385,72015545,1586564516543,3,6862.5,BTC-PERPETUAL,6865.21,sell,40.0,
44723386,72015546,1586564516543,3,6862.5,BTC-PERPETUAL,6865.21,sell,40.0,
44723387,72015547,1586564516543,3,6862.5,BTC-PERPETUAL,6865.21,sell,400.0,
44723388,72015548,1586564516543,3,6862.5,BTC-PERPETUAL,6865.21,sell,60.0,
44723389,72015549,1586564516543,3,6862.5,BTC-PERPETUAL,6865.21,sell,120.0,
44723390,72015550,1586564516543,3,6862.5,BTC-PERPETUAL,6865.21,sell,1050.0,
44723391,72015551,1586564516543,3,6862.5,BTC-PERPETUAL,6865.21,sell,1100.0,
44723392,72015552,1586564516658,2,6862.0,BTC-PERPETUAL,6865.21,sell,30.0,
44723393,72015560,1586564517100,3,6862.0,BTC-PERPETUAL,6865.21,sell,130.0,
44723394,72015561,1586564517100,3,6862.0,BTC-PERPETUAL,6865.21,sell,10.0,
44723395,72015562,1586564517100,3,6862.0,BTC-PERPETUAL,6865.21,sell,20.0,
44723396,72015563,1586564517100,3,6862.0,BTC-PERPETUAL,6865.21,sell,10.0,
44723397,72015564,1586564517100,3,6862.0,BTC-PERPETUAL,6865.21,sell,40.0,
44723398,72015565,1586564517100,3,6862.0,BTC-PERPETUAL,6865.21,sell,10.0,
44723399,72015566,1586564517100,3,6862.0,BTC-PERPETUAL,6865.21,sell,50.0,
44723400,72015567,1586564517145,3,6862.0,BTC-PERPETUAL,6865.21,sell,50.0,
44723401,72015568,1586564517145,3,6862.0,BTC-PERPETUAL,6865.21,sell,220.0,
44723402,72015569,1586564517146,3,6862.0,BTC-PERPETUAL,6865.21,sell,70.0,
44723403,72015570,1586564517172,3,6862.0,BTC-PERPETUAL,6865.21,sell,200.0,
44723404,72015571,1586564517190,2,6861.5,BTC-PERPETUAL,6865.21,sell,100.0,
44723405,72015572,1586564517190,3,6861.5,BTC-PERPETUAL,6865.21,sell,1300.0,
44723406,72015573,1586564517190,2,6860.5,BTC-PERPETUAL,6865.21,sell,140.0,
44723407,72015574,1586564517498,0,6861.0,BTC-PERPETUAL,6863.52,buy,160.0,
44723408,72015575,1586564517839,2,6860.5,BTC-PERPETUAL,6863.52,sell,100.0,
44723409,72015576,1586564519132,0,6861.0,BTC-PERPETUAL,6863.42,buy,3440.0,
44723410,72015577,1586564519132,1,6861.0,BTC-PERPETUAL,6863.42,buy,3600.0,
44723411,72015578,1586564519132,1,6861.0,BTC-PERPETUAL,6863.42,buy,45000.0,
44723412,72015579,1586564519132,1,6861.0,BTC-PERPETUAL,6863.42,buy,1000.0,
44723413,72015580,1586564519132,1,6861.0,BTC-PERPETUAL,6863.42,buy,500.0,
44723414,72015581,1586564519132,1,6861.0,BTC-PERPETUAL,6863.42,buy,250.0,
44723415,72015582,1586564519132,1,6861.0,BTC-PERPETUAL,6863.42,buy,430.0,
44723416,72015583,1586564519132,1,6861.0,BTC-PERPETUAL,6863.42,buy,400.0,
44723417,72015584,1586564519132,1,6861.0,BTC-PERPETUAL,6863.42,buy,2500.0,
44723418,72015585,1586564519132,1,6861.0,BTC-PERPETUAL,6863.42,buy,3430.0,
44723419,72015586,1586564519132,1,6861.0,BTC-PERPETUAL,6863.42,buy,210.0,
44723420,72015587,1586564519132,0,6862.0,BTC-PERPETUAL,6863.42,buy,24600.0,
44723421,72015588,1586564519132,0,6862.5,BTC-PERPETUAL,6863.42,buy,34290.0,
44723422,72015589,1586564519132,1,6862.5,BTC-PERPETUAL,6863.42,buy,23460.0,
44723423,72015590,1586564534137,2,6861.0,BTC-PERPETUAL,6863.07,buy,50.0,
44723424,72015591,1586564534137,3,6861.0,BTC-PERPETUAL,6863.07,buy,250.0,
44723425,72015601,1586564572101,3,6861.0,BTC-PERPETUAL,6861.91,buy,10.0,
44723426,72015602,1586564572101,3,6861.0,BTC-PERPETUAL,6861.91,buy,100.0,
44723427,72015603,1586564572101,3,6861.0,BTC-PERPETUAL,6861.91,buy,2290.0,
44723428,72015609,1586564576037,3,6861.0,BTC-PERPETUAL,6864.22,buy,790.0,
44723429,72015610,1586564576388,3,6861.0,BTC-PERPETUAL,6864.22,buy,180.0,
44723430,72015611,1586564577229,3,6861.0,BTC-PERPETUAL,6864.19,buy,1810.0,
44723431,72015612,1586564577240,3,6861.0,BTC-PERPETUAL,6864.19,buy,2600.0,
44723432,72015613,1586564581137,3,6861.0,BTC-PERPETUAL,6864.83,buy,1070.0,
44723433,72015614,1586564583015,3,6861.0,BTC-PERPETUAL,6864.71,buy,600.0,
44723434,72015615,1586564583027,3,6861.0,BTC-PERPETUAL,6864.71,buy,18190.0,
44723435,72015616,1586564583027,3,6861.0,BTC-PERPETUAL,6864.71,buy,100.0,
44723436,72015617,1586564583027,3,6861.0,BTC-PERPETUAL,6864.71,buy,10.0,
44723437,72015618,1586564595761,0,6862.0,BTC-PERPETUAL,6865.47,sell,250.0,
44723438,72015619,1586564613560,1,6862.0,BTC-PERPETUAL,6864.61,sell,3350.0,
44723439,72015620,1586564613560,1,6862.0,BTC-PERPETUAL,6864.61,sell,3600.0,
44723440,72015621,1586564613560,1,6862.0,BTC-PERPETUAL,6864.61,sell,1000.0,
44723441,72015622,1586564613560,1,6862.0,BTC-PERPETUAL,6864.61,sell,1000.0,
44723442,72015623,1586564613560,1,6862.0,BTC-PERPETUAL,6864.61,sell,100.0,
44723443,72015624,1586564613560,1,6862.0,BTC-PERPETUAL,6864.61,sell,40.0,
44723444,72015625,1586564613560,1,6862.0,BTC-PERPETUAL,6864.61,sell,20.0,
44723445,72015626,1586564613560,1,6862.0,BTC-PERPETUAL,6864.61,sell,50.0,
44723446,72015627,1586564613560,1,6862.0,BTC-PERPETUAL,6864.61,sell,90.0,
44723447,72015628,1586564613560,1,6862.0,BTC-PERPETUAL,6864.61,sell,3400.0,
44723448,72015629,1586564613560,1,6862.0,BTC-PERPETUAL,6864.61,sell,13380.0,
44723449,72015630,1586564613560,1,6862.0,BTC-PERPETUAL,6864.61,sell,3570.0,
44723450,72015631,1586564621893,2,6861.5,BTC-PERPETUAL,6863.97,sell,100.0,
44723451,72015632,1586564621893,3,6861.5,BTC-PERPETUAL,6863.97,sell,100.0,
44723452,72015635,1586564628602,3,6861.5,BTC-PERPETUAL,6863.24,sell,10.0,
44723453,72015636,1586564628602,3,6861.5,BTC-PERPETUAL,6863.24,sell,30.0,
44723454,72015637,1586564628602,3,6861.5,BTC-PERPETUAL,6863.24,sell,10.0,
44723455,72015638,1586564628602,3,6861.5,BTC-PERPETUAL,6863.24,sell,4400.0,
44723456,72015639,1586564628602,3,6861.5,BTC-PERPETUAL,6863.24,sell,1000.0,
44723457,72015640,1586564628602,3,6861.5,BTC-PERPETUAL,6863.24,sell,1420.0,
44723458,72015641,1586564639859,0,6862.0,BTC-PERPETUAL,6863.37,buy,500.0,
44723459,72015642,1586564639909,1,6862.0,BTC-PERPETUAL,6863.37,buy,250.0,
44723460,72015643,1586564640014,1,6862.0,BTC-PERPETUAL,6863.37,buy,900.0,
44723461,72015644,1586564652090,1,6862.0,BTC-PERPETUAL,6865.68,buy,1000.0,
44723462,72015645,1586564667616,1,6862.0,BTC-PERPETUAL,6866.26,buy,36380.0,
44723463,72015646,1586564667616,1,6862.0,BTC-PERPETUAL,6866.26,buy,200.0,
44723464,72015647,1586564667616,1,6862.0,BTC-PERPETUAL,6866.26,buy,2500.0,
44723465,72015648,1586564667689,0,6862.5,BTC-PERPETUAL,6866.26,buy,50.0,
44723466,72015649,1586564667689,1,6862.5,BTC-PERPETUAL,6866.26,buy,50.0,
44723467,72015650,1586564667689,0,6863.0,BTC-PERPETUAL,6866.26,buy,630.0,
44723468,72015651,1586564670998,1,6863.0,BTC-PERPETUAL,6867.39,buy,1870.0,
44723469,72015652,1586564671250,0,6863.5,BTC-PERPETUAL,6867.39,buy,100.0,
44723470,72015653,1586564676316,0,6864.0,BTC-PERPETUAL,6868.5,buy,2500.0,
44723471,72015654,1586564676316,1,6864.0,BTC-PERPETUAL,6868.5,buy,150.0,
44723472,72015655,1586564676316,1,6864.0,BTC-PERPETUAL,6868.5,buy,150.0,
44723473,72015657,1586564680704,0,6865.0,BTC-PERPETUAL,6870.14,buy,2500.0,
44723474,72015658,1586564680704,1,6865.0,BTC-PERPETUAL,6870.14,buy,100.0,
44723475,72015660,1586564688613,0,6865.5,BTC-PERPETUAL,6868.93,buy,60.0,
44723476,72015661,1586564688613,1,6865.5,BTC-PERPETUAL,6868.93,buy,100.0,
44723477,72015662,1586564688613,1,6865.5,BTC-PERPETUAL,6868.93,buy,340.0,
44723478,72015663,1586564697839,2,6865.0,BTC-PERPETUAL,6867.62,sell,10.0,
44723479,72015664,1586564697839,3,6865.0,BTC-PERPETUAL,6867.62,sell,1000.0,
44723480,72015665,1586564697839,3,6865.0,BTC-PERPETUAL,6867.62,sell,10.0,
44723481,72015667,1586564702260,2,6863.0,BTC-PERPETUAL,6865.57,sell,50.0,
44723482,72015668,1586564702260,3,6863.0,BTC-PERPETUAL,6865.57,sell,200.0,
44723483,72015669,1586564702260,3,6863.0,BTC-PERPETUAL,6865.57,sell,50.0,
44723484,72015670,1586564779762,2,6862.0,BTC-PERPETUAL,6863.83,sell,580.0,
44723485,72015671,1586564779762,3,6862.0,BTC-PERPETUAL,6863.83,sell,10.0,
44723486,72015672,1586564779762,3,6862.0,BTC-PERPETUAL,6863.83,sell,30.0,
44723487,72015673,1586564780128,2,6861.5,BTC-PERPETUAL,6863.83,sell,150.0,
44723488,72015674,1586564780128,3,6861.5,BTC-PERPETUAL,6863.83,sell,150.0,
44723489,72015675,1586564780596,2,6860.5,BTC-PERPETUAL,6862.87,sell,130.0,
44723490,72015676,1586564780596,3,6860.5,BTC-PERPETUAL,6862.87,sell,50.0,
44723491,72015677,1586564780596,2,6860.0,BTC-PERPETUAL,6862.87,sell,60.0,
44723492,72015678,1586564780596,3,6860.0,BTC-PERPETUAL,6862.87,sell,10.0,
44723493,72015679,1586564780596,3,6860.0,BTC-PERPETUAL,6862.87,sell,90.0,
44723494,72015680,1586564784561,3,6860.0,BTC-PERPETUAL,6861.91,sell,10.0,
44723495,72015681,1586564784561,3,6860.0,BTC-PERPETUAL,6861.91,sell,20.0,
44723496,72015682,1586564784561,3,6860.0,BTC-PERPETUAL,6861.91,sell,430.0,
44723497,72015683,1586564785752,3,6860.0,BTC-PERPETUAL,6860.7,sell,1500.0,
44723498,72015685,1586564790728,3,6860.0,BTC-PERPETUAL,6859.08,sell,130.0,
44723499,72015686,1586564791975,3,6860.0,BTC-PERPETUAL,6859.11,sell,6470.0,
44723500,72015687,1586564791976,3,6860.0,BTC-PERPETUAL,6859.11,sell,22500.0,
44723501,72015688,1586564791977,3,6860.0,BTC-PERPETUAL,6859.11,sell,9680.0,
44723502,72015689,1586564791979,3,6860.0,BTC-PERPETUAL,6859.11,sell,690.0,
44723503,72015690,1586564791980,3,6860.0,BTC-PERPETUAL,6859.11,sell,4400.0,
44723504,72015691,1586564791984,3,6860.0,BTC-PERPETUAL,6859.11,sell,2520.0,
44723505,72015692,1586564791984,3,6860.0,BTC-PERPETUAL,6859.11,sell,20330.0,
44723506,72015693,1586564791984,3,6860.0,BTC-PERPETUAL,6859.11,sell,10.0,
44723507,72015694,1586564791984,3,6860.0,BTC-PERPETUAL,6859.11,sell,10.0,
44723508,72015695,1586564791984,3,6860.0,BTC-PERPETUAL,6859.11,sell,70.0,
44723509,72015696,1586564791984,3,6860.0,BTC-PERPETUAL,6859.11,sell,40.0,
44723510,72015697,1586564791984,3,6860.0,BTC-PERPETUAL,6859.11,sell,10.0,
44723511,72015698,1586564791984,3,6860.0,BTC-PERPETUAL,6859.11,sell,10.0,
44723512,72015699,1586564791995,2,6859.5,BTC-PERPETUAL,6859.11,sell,370.0,
44723513,72015700,1586564791995,3,6859.5,BTC-PERPETUAL,6859.11,sell,40.0,
44723514,72015701,1586564791995,3,6859.5,BTC-PERPETUAL,6859.11,sell,50.0,
44723515,72015702,1586564791995,3,6859.5,BTC-PERPETUAL,6859.11,sell,250.0,
44723516,72015703,1586564792008,2,6859.0,BTC-PERPETUAL,6859.11,sell,60.0,
44723517,72015704,1586564792008,3,6859.0,BTC-PERPETUAL,6859.11,sell,40.0,
44723518,72015705,1586564792008,3,6859.0,BTC-PERPETUAL,6859.11,sell,10.0,
44723519,72015706,1586564792008,3,6859.0,BTC-PERPETUAL,6859.11,sell,110.0,
44723520,72015707,1586564792008,3,6859.0,BTC-PERPETUAL,6859.11,sell,500.0,
44723521,72015708,1586564792008,3,6859.0,BTC-PERPETUAL,6859.11,sell,800.0,
44723522,72015709,1586564792015,2,6858.5,BTC-PERPETUAL,6859.11,sell,4110.0,
44723523,72015710,1586564792015,3,6858.5,BTC-PERPETUAL,6859.11,sell,50.0,
44723524,72015711,1586564792015,3,6858.5,BTC-PERPETUAL,6859.11,sell,10.0,
44723525,72015712,1586564792015,3,6858.5,BTC-PERPETUAL,6859.11,sell,20.0,
44723526,72015713,1586564792033,2,6858.0,BTC-PERPETUAL,6859.11,sell,40.0,
44723527,72015714,1586564792033,3,6858.0,BTC-PERPETUAL,6859.11,sell,740.0,
44723528,72015715,1586564792033,3,6858.0,BTC-PERPETUAL,6859.11,sell,60.0,
44723529,72015716,1586564792033,3,6858.0,BTC-PERPETUAL,6859.11,sell,50.0,
44723530,72015717,1586564792046,2,6857.0,BTC-PERPETUAL,6859.11,sell,3880.0,
44723531,72015718,1586564792162,3,6857.0,BTC-PERPETUAL,6859.11,sell,80.0,
44723532,72015719,1586564792225,3,6857.0,BTC-PERPETUAL,6859.11,sell,150.0,
44723533,72015720,1586564792237,3,6857.0,BTC-PERPETUAL,6859.11,sell,990.0,
44723534,72015721,1586564792469,3,6857.0,BTC-PERPETUAL,6858.45,sell,4750.0,
44723535,72015722,1586564792608,3,6857.0,BTC-PERPETUAL,6858.45,sell,150.0,
44723536,72015723,1586564792608,3,6857.0,BTC-PERPETUAL,6858.45,sell,60.0,
44723537,72015724,1586564792608,3,6857.0,BTC-PERPETUAL,6858.45,sell,330.0,
44723538,72015725,1586564792682,3,6857.0,BTC-PERPETUAL,6858.45,sell,120.0,
44723539,72015726,1586564792682,3,6857.0,BTC-PERPETUAL,6858.45,sell,450.0,
44723540,72015727,1586564792682,3,6857.0,BTC-PERPETUAL,6858.45,sell,20.0,
44723541,72015728,1586564792682,2,6856.5,BTC-PERPETUAL,6858.45,sell,50.0,
44723542,72015729,1586564792682,3,6856.5,BTC-PERPETUAL,6858.45,sell,10.0,
44723543,72015730,1586564792682,3,6856.5,BTC-PERPETUAL,6858.45,sell,50.0,
44723544,72015731,1586564792682,3,6856.5,BTC-PERPETUAL,6858.45,sell,10.0,
44723545,72015732,1586564792682,3,6856.5,BTC-PERPETUAL,6858.45,sell,60.0,
44723546,72015733,1586564792682,2,6856.0,BTC-PERPETUAL,6858.45,sell,10.0,
44723547,72015734,1586564792682,3,6856.0,BTC-PERPETUAL,6858.45,sell,50.0,
44723548,72015735,1586564792682,3,6856.0,BTC-PERPETUAL,6858.45,sell,250.0,
44723549,72015736,1586564792682,2,6855.5,BTC-PERPETUAL,6858.45,sell,100.0,
44723550,72015737,1586564792682,3,6855.5,BTC-PERPETUAL,6858.45,sell,20.0,
44723551,72015738,1586564792682,3,6855.5,BTC-PERPETUAL,6858.45,sell,20.0,
44723552,72015739,1586564792682,3,6855.5,BTC-PERPETUAL,6858.45,sell,10.0,
44723553,72015740,1586564792682,3,6855.5,BTC-PERPETUAL,6858.45,sell,60.0,
44723554,72015741,1586564792682,2,6855.0,BTC-PERPETUAL,6858.45,sell,10.0,
44723555,72015742,1586564792682,3,6855.0,BTC-PERPETUAL,6858.45,sell,10.0,
44723556,72015743,1586564792682,3,6855.0,BTC-PERPETUAL,6858.45,sell,10.0,
44723557,72015744,1586564792682,3,6855.0,BTC-PERPETUAL,6858.45,sell,10.0,
44723558,72015745,1586564792682,2,6854.5,BTC-PERPETUAL,6858.45,sell,60.0,
44723559,72015746,1586564792682,3,6854.5,BTC-PERPETUAL,6858.45,sell,360.0,
44723560,72015747,1586564792682,2,6854.0,BTC-PERPETUAL,6858.45,sell,300.0,
44723561,72015748,1586564792682,2,6853.5,BTC-PERPETUAL,6858.45,sell,10.0,
44723562,72015749,1586564792682,3,6853.5,BTC-PERPETUAL,6858.45,sell,10.0,
44723563,72015750,1586564792682,3,6853.5,BTC-PERPETUAL,6858.45,sell,4110.0,
44723564,72015751,1586564792682,3,6853.5,BTC-PERPETUAL,6858.45,sell,240.0,
44723565,72015752,1586564792682,3,6853.5,BTC-PERPETUAL,6858.45,sell,10.0,
44723566,72015753,1586564792682,2,6853.0,BTC-PERPETUAL,6858.45,sell,60.0,
44723567,72015754,1586564792682,3,6853.0,BTC-PERPETUAL,6858.45,sell,360.0,
44723568,72015755,1586564792682,3,6853.0,BTC-PERPETUAL,6858.45,sell,40.0,
44723569,72015756,1586564792682,3,6853.0,BTC-PERPETUAL,6858.45,sell,10.0,
44723570,72015757,1586564792682,3,6853.0,BTC-PERPETUAL,6858.45,sell,100.0,
44723571,72015758,1586564792682,2,6852.5,BTC-PERPETUAL,6858.45,sell,1000.0,
44723572,72015759,1586564792682,3,6852.5,BTC-PERPETUAL,6858.45,sell,200.0,
44723573,72015760,1586564792682,2,6852.0,BTC-PERPETUAL,6858.45,sell,170.0,
44723574,72015761,1586564792682,3,6852.0,BTC-PERPETUAL,6858.45,sell,1000.0,
44723575,72015762,1586564792682,2,6851.5,BTC-PERPETUAL,6858.45,sell,2660.0,
44723576,72015765,1586564792722,3,6851.5,BTC-PERPETUAL,6858.45,sell,500.0,
44723577,72015766,1586564792725,3,6851.5,BTC-PERPETUAL,6858.45,sell,10.0,
44723578,72015767,1586564792780,0,6852.0,BTC-PERPETUAL,6858.45,buy,250.0,
44723579,72015768,1586564793315,1,6852.0,BTC-PERPETUAL,6858.45,buy,2400.0,
44723580,72015769,1586564835711,0,6854.5,BTC-PERPETUAL,6857.06,sell,10.0,
44723581,72015770,1586564835711,1,6854.5,BTC-PERPETUAL,6857.06,sell,50.0,
44723582,72015771,1586564835711,1,6854.5,BTC-PERPETUAL,6857.06,sell,10.0,
44723583,72015772,1586564835711,2,6854.0,BTC-PERPETUAL,6857.06,sell,50.0,
44723584,72015773,1586564835711,2,6853.5,BTC-PERPETUAL,6857.06,sell,760.0,
44723585,72015774,1586564835711,3,6853.5,BTC-PERPETUAL,6857.06,sell,200.0,
44723586,72015775,1586564835711,2,6853.0,BTC-PERPETUAL,6857.06,sell,530.0,
44723587,72015776,1586564835711,3,6853.0,BTC-PERPETUAL,6857.06,sell,760.0,
44723588,72015777,1586564835711,2,6852.5,BTC-PERPETUAL,6857.06,sell,1000.0,
44723589,72015778,1586564835711,3,6852.5,BTC-PERPETUAL,6857.06,sell,250.0,
44723590,72015779,1586564835711,2,6852.0,BTC-PERPETUAL,6857.06,sell,50.0,
44723591,72015780,1586564835711,3,6852.0,BTC-PERPETUAL,6857.06,sell,10.0,
44723592,72015781,1586564835711,3,6852.0,BTC-PERPETUAL,6857.06,sell,250.0,
44723593,72015782,1586564835711,2,6851.5,BTC-PERPETUAL,6857.06,sell,1830.0,
44723594,72015783,1586564835711,3,6851.5,BTC-PERPETUAL,6857.06,sell,760.0,
44723595,72015784,1586564835711,3,6851.5,BTC-PERPETUAL,6857.06,sell,400.0,
44723596,72015791,1586564849044,3,6851.5,BTC-PERPETUAL,6856.21,sell,1000.0,
44723597,72015792,1586564876011,3,6851.5,BTC-PERPETUAL,6853.68,sell,800.0,
44723598,72015793,1586564876011,3,6851.5,BTC-PERPETUAL,6853.68,sell,20.0,
44723599,72015794,1586564876011,3,6851.5,BTC-PERPETUAL,6853.68,sell,40.0,
44723600,72015795,1586564876011,3,6851.5,BTC-PERPETUAL,6853.68,sell,50.0,
44723601,72015796,1586564876011,3,6851.5,BTC-PERPETUAL,6853.68,sell,10.0,
44723602,72015797,1586564876011,2,6851.0,BTC-PERPETUAL,6853.68,sell,10.0,
44723603,72015798,1586564876011,2,6850.5,BTC-PERPETUAL,6853.68,sell,110.0,
44723604,72015799,1586564876062,0,6851.0,BTC-PERPETUAL,6853.68,sell,1000.0,
44723605,72015800,1586564877048,1,6851.0,BTC-PERPETUAL,6853.28,sell,470.0,
44723606,72015801,1586564880276,2,6850.5,BTC-PERPETUAL,6852.82,sell,540.0,
44723607,72015802,1586564880276,3,6850.5,BTC-PERPETUAL,6852.82,sell,390.0,
44723608,72015807,1586564902334,3,6850.5,BTC-PERPETUAL,6853.53,sell,20.0,
44723609,72015808,1586564902334,3,6850.5,BTC-PERPETUAL,6853.53,sell,60.0,
44723610,72015809,1586564902334,3,6850.5,BTC-PERPETUAL,6853.53,sell,30.0,
44723611,72015811,1586564933477,0,6851.0,BTC-PERPETUAL,6854.09,buy,50.0,
44723612,72015812,1586564936750,1,6851.0,BTC-PERPETUAL,6854.08,buy,50.0,
44723613,72015813,1586564941855,1,6851.0,BTC-PERPETUAL,6854.08,buy,2400.0,
44723614,72015816,1586564943646,1,6851.0,BTC-PERPETUAL,6854.62,buy,50.0,
44723615,72015817,1586564950547,2,6850.5,BTC-PERPETUAL,6855.55,sell,110.0,
44723616,72015818,1586564956193,0,6851.0,BTC-PERPETUAL,6855.57,buy,730.0,
44723617,72015819,1586564957208,1,6851.0,BTC-PERPETUAL,6855.83,buy,1720.0,
44723618,72015820,1586564957208,1,6851.0,BTC-PERPETUAL,6855.83,buy,480.0,
44723619,72015821,1586564957208,1,6851.0,BTC-PERPETUAL,6855.83,buy,10.0,
44723620,72015822,1586564957208,1,6851.0,BTC-PERPETUAL,6855.83,buy,100.0,
44723621,72015824,1586564957328,0,6851.5,BTC-PERPETUAL,6855.83,buy,50.0,
44723622,72015825,1586564957328,1,6851.5,BTC-PERPETUAL,6855.83,buy,100.0,
44723623,72015826,1586564957736,0,6852.0,BTC-PERPETUAL,6856.34,buy,20.0,
44723624,72015827,1586564957736,1,6852.0,BTC-PERPETUAL,6856.34,buy,930.0,
44723625,72015828,1586564957767,1,6852.0,BTC-PERPETUAL,6856.34,buy,180.0,
44723626,72015829,1586564957803,1,6852.0,BTC-PERPETUAL,6856.34,buy,200.0,
44723627,72015830,1586564957818,1,6852.0,BTC-PERPETUAL,6856.34,buy,550.0,
44723628,72015831,1586564958025,1,6852.0,BTC-PERPETUAL,6856.34,buy,150.0,
44723629,72015832,1586564959950,1,6852.0,BTC-PERPETUAL,6857.03,buy,490.0,
44723630,72015834,1586564964340,0,6853.0,BTC-PERPETUAL,6857.57,buy,2500.0,
44723631,72015835,1586564964340,1,6853.0,BTC-PERPETUAL,6857.57,buy,150.0,
44723632,72015836,1586565003362,0,6854.0,BTC-PERPETUAL,6859.5,buy,2500.0,
44723633,72015837,1586565003362,1,6854.0,BTC-PERPETUAL,6859.5,buy,40.0,
44723634,72015838,1586565003362,1,6854.0,BTC-PERPETUAL,6859.5,buy,100.0,
44723635,72015839,1586565003362,0,6855.0,BTC-PERPETUAL,6859.5,buy,310.0,
44723636,72015840,1586565008105,1,6855.0,BTC-PERPETUAL,6860.72,buy,640.0,
44723637,72015841,1586565012481,1,6855.0,BTC-PERPETUAL,6860.76,buy,1550.0,
44723638,72015842,1586565012481,1,6855.0,BTC-PERPETUAL,6860.76,buy,100.0,
44723639,72015843,1586565015606,0,6856.0,BTC-PERPETUAL,6861.79,buy,40.0,
44723640,72015844,1586565015606,1,6856.0,BTC-PERPETUAL,6861.79,buy,2500.0,
44723641,72015845,1586565015606,1,6856.0,BTC-PERPETUAL,6861.79,buy,10.0,
44723642,72015848,1586565017094,0,6857.0,BTC-PERPETUAL,6862.47,buy,1640.0,
44723643,72015849,1586565017555,1,6857.0,BTC-PERPETUAL,6862.47,buy,860.0,
44723644,72015850,1586565017951,0,6857.5,BTC-PERPETUAL,6862.47,buy,100.0,
44723645,72015851,1586565017951,1,6857.5,BTC-PERPETUAL,6862.47,buy,650.0,
44723646,72015852,1586565019622,1,6857.5,BTC-PERPETUAL,6862.51,buy,9350.0,
44723647,72015854,1586565019640,0,6858.0,BTC-PERPETUAL,6862.51,buy,60.0,
44723648,72015855,1586565019640,1,6858.0,BTC-PERPETUAL,6862.51,buy,740.0,
44723649,72015856,1586565019640,1,6858.0,BTC-PERPETUAL,6862.51,buy,2500.0,
44723650,72015857,1586565019640,1,6858.0,BTC-PERPETUAL,6862.51,buy,20.0,
44723651,72015858,1586565019640,1,6858.0,BTC-PERPETUAL,6862.51,buy,20.0,
44723652,72015860,1586565099920,0,6858.5,BTC-PERPETUAL,6859.78,sell,20.0,
44723653,72015861,1586565099920,1,6858.5,BTC-PERPETUAL,6859.78,sell,100.0,
44723654,72015862,1586565099920,1,6858.5,BTC-PERPETUAL,6859.78,sell,360.0,
44723655,72015863,1586565099920,1,6858.5,BTC-PERPETUAL,6859.78,sell,1540.0,
44723656,72015864,1586565099920,1,6858.5,BTC-PERPETUAL,6859.78,sell,250.0,
44723657,72015865,1586565099920,1,6858.5,BTC-PERPETUAL,6859.78,sell,130.0,
44723658,72015870,1586565150180,0,6859.0,BTC-PERPETUAL,6863.41,buy,2400.0,
44723659,72015871,1586565158311,1,6859.0,BTC-PERPETUAL,6864.57,buy,100.0,
44723660,72015872,1586565158311,1,6859.0,BTC-PERPETUAL,6864.57,buy,400.0,
44723661,72015873,1586565158311,1,6859.0,BTC-PERPETUAL,6864.57,buy,800.0,
44723662,72015874,1586565158311,1,6859.0,BTC-PERPETUAL,6864.57,buy,550.0,
44723663,72015875,1586565158311,1,6859.0,BTC-PERPETUAL,6864.57,buy,400.0,
44723664,72015876,1586565158311,1,6859.0,BTC-PERPETUAL,6864.57,buy,10.0,
44723665,72015877,1586565161173,0,6860.0,BTC-PERPETUAL,6865.17,buy,40.0,
44723666,72015878,1586565161173,1,6860.0,BTC-PERPETUAL,6865.17,buy,950.0,
44723667,72015879,1586565164113,1,6860.0,BTC-PERPETUAL,6865.34,buy,590.0,
44723668,72015880,1586565164678,1,6860.0,BTC-PERPETUAL,6865.34,buy,960.0,
44723669,72015881,1586565164678,1,6860.0,BTC-PERPETUAL,6865.34,buy,1500.0,
