trade_seq,trade_id,timestamp,tick_direction,price,instrument_name,index_price,direction,amount
44297494,71459258,1586131200743,3,6775.0,BTC-PERPETUAL,6777.34,sell,250.0
44297495,71459259,1586131201325,3,6775.0,BTC-PERPETUAL,6777.7,sell,530.0
44297496,71459260,1586131201859,3,6775.0,BTC-PERPETUAL,6777.7,sell,10.0
44297497,71459261,1586131202375,3,6775.0,BTC-PERPETUAL,6777.72,sell,10.0
44297498,71459262,1586131202907,3,6775.0,BTC-PERPETUAL,6777.72,sell,10.0
44297499,71459263,1586131207727,0,6777.0,BTC-PERPETUAL,6778.12,buy,1170.0
44297500,71459265,1586131207796,1,6777.0,BTC-PERPETUAL,6778.12,buy,3830.0
44297501,71459266,1586131208242,0,6778.0,BTC-PERPETUAL,6778.12,buy,10.0
44297502,71459272,1586131221233,0,6780.0,BTC-PERPETUAL,6779.72,sell,20.0
44297503,71459275,1586131221596,2,6777.0,BTC-PERPETUAL,6779.32,sell,1000.0
44297504,71459276,1586131221705,2,6776.0,BTC-PERPETUAL,6779.32,sell,680.0
44297505,71459277,1586131222311,2,6775.5,BTC-PERPETUAL,6779.32,sell,1000.0
44297506,71459278,1586131222474,2,6775.0,BTC-PERPETUAL,6778.25,sell,1000.0
44297507,71459279,1586131222559,3,6775.0,BTC-PERPETUAL,6778.25,sell,710.0
44297508,71459280,1586131222604,3,6775.0,BTC-PERPETUAL,6778.25,sell,1580.0
44297509,71459281,1586131222938,3,6775.0,BTC-PERPETUAL,6778.25,sell,2520.0
44297510,71459282,1586131222972,3,6775.0,BTC-PERPETUAL,6778.25,sell,2320.0
44297511,71459283,1586131224670,2,6774.0,BTC-PERPETUAL,6776.86,sell,500.0
44297512,71459284,1586131224670,3,6774.0,BTC-PERPETUAL,6776.86,sell,500.0
44297513,71459285,1586131224670,3,6774.0,BTC-PERPETUAL,6776.86,sell,1000.0
44297514,71459286,1586131224670,3,6774.0,BTC-PERPETUAL,6776.86,sell,510.0
44297515,71459287,1586131224670,3,6774.0,BTC-PERPETUAL,6776.86,sell,10.0
44297516,71459288,1586131224670,3,6774.0,BTC-PERPETUAL,6776.86,sell,10.0
44297517,71459289,1586131225559,2,6773.0,BTC-PERPETUAL,6774.24,sell,50.0
44297518,71459290,1586131225559,3,6773.0,BTC-PERPETUAL,6774.24,sell,40.0
44297519,71459291,1586131225559,3,6773.0,BTC-PERPETUAL,6774.24,sell,40.0
44297520,71459292,1586131225559,3,6773.0,BTC-PERPETUAL,6774.24,sell,40.0
44297521,71459293,1586131225559,3,6773.0,BTC-PERPETUAL,6774.24,sell,10000.0
44297522,71459294,1586131225559,3,6773.0,BTC-PERPETUAL,6774.24,sell,460.0
44297523,71459295,1586131229315,2,6772.5,BTC-PERPETUAL,6774.45,sell,40.0
44297524,71459296,1586131229315,3,6772.5,BTC-PERPETUAL,6774.45,sell,40.0
44297525,71459297,1586131229315,3,6772.5,BTC-PERPETUAL,6774.45,sell,50.0
44297526,71459298,1586131229315,3,6772.5,BTC-PERPETUAL,6774.45,sell,460.0
44297527,71459299,1586131229315,3,6772.5,BTC-PERPETUAL,6774.45,sell,11840.0
44297528,71459300,1586131230808,2,6772.0,BTC-PERPETUAL,6772.54,sell,20.0
44297529,71459301,1586131230808,3,6772.0,BTC-PERPETUAL,6772.54,sell,10.0
44297530,71459302,1586131230808,3,6772.0,BTC-PERPETUAL,6772.54,sell,10.0
44297531,71459303,1586131230808,3,6772.0,BTC-PERPETUAL,6772.54,sell,40.0
44297532,71459304,1586131230808,3,6772.0,BTC-PERPETUAL,6772.54,sell,110.0
44297533,71459305,1586131230808,2,6771.0,BTC-PERPETUAL,6772.54,sell,450.0
44297534,71459306,1586131230808,3,6771.0,BTC-PERPETUAL,6772.54,sell,50.0
44297535,71459307,1586131230808,3,6771.0,BTC-PERPETUAL,6772.54,sell,10.0
44297536,71459308,1586131230808,2,6770.0,BTC-PERPETUAL,6772.54,sell,50.0
44297537,71459309,1586131230808,3,6770.0,BTC-PERPETUAL,6772.54,sell,10.0
44297538,71459310,1586131230808,3,6770.0,BTC-PERPETUAL,6772.54,sell,2000.0
44297539,71459311,1586131230808,3,6770.0,BTC-PERPETUAL,6772.54,sell,2000.0
44297540,71459312,1586131230808,3,6770.0,BTC-PERPETUAL,6772.54,sell,20.0
44297541,71459313,1586131230864,2,6769.0,BTC-PERPETUAL,6772.54,sell,100.0
44297542,71459314,1586131231257,3,6769.0,BTC-PERPETUAL,6772.54,sell,10.0
44297543,71459315,1586131233848,0,6769.5,BTC-PERPETUAL,6772.9,buy,560.0
44297544,71459316,1586131233848,1,6769.5,BTC-PERPETUAL,6772.9,buy,500.0
44297545,71459317,1586131233848,1,6769.5,BTC-PERPETUAL,6772.9,buy,1520.0
44297546,71459318,1586131233848,1,6769.5,BTC-PERPETUAL,6772.9,buy,760.0
44297547,71459319,1586131233848,1,6769.5,BTC-PERPETUAL,6772.9,buy,260.0
44297548,71459320,1586131233857,1,6769.5,BTC-PERPETUAL,6772.9,buy,740.0
44297549,71459321,1586131233867,0,6770.0,BTC-PERPETUAL,6772.9,buy,3170.0
44297550,71459323,1586131234634,0,6772.0,BTC-PERPETUAL,6774.13,buy,6770.0
44297551,71459324,1586131234649,1,6772.0,BTC-PERPETUAL,6774.13,buy,10.0
44297552,71459325,1586131234692,0,6773.0,BTC-PERPETUAL,6774.13,buy,990.0
44297553,71459326,1586131235991,2,6772.5,BTC-PERPETUAL,6773.91,sell,1800.0
44297554,71459327,1586131235991,3,6772.5,BTC-PERPETUAL,6773.91,sell,500.0
44297555,71459328,1586131235991,3,6772.5,BTC-PERPETUAL,6773.91,sell,2000.0
44297556,71459329,1586131235991,3,6772.5,BTC-PERPETUAL,6773.91,sell,2000.0
44297557,71459330,1586131235991,2,6771.5,BTC-PERPETUAL,6773.91,sell,310.0
44297558,71459331,1586131235991,2,6771.0,BTC-PERPETUAL,6773.91,sell,18390.0
44297559,71459332,1586131239668,0,6771.5,BTC-PERPETUAL,6774.48,buy,500.0
44297560,71459333,1586131239668,1,6771.5,BTC-PERPETUAL,6774.48,buy,10.0
44297561,71459334,1586131239668,1,6771.5,BTC-PERPETUAL,6774.48,buy,890.0
44297562,71459336,1586131240130,0,6772.5,BTC-PERPETUAL,6774.48,buy,2390.0
44297563,71459337,1586131240151,1,6772.5,BTC-PERPETUAL,6774.48,buy,3190.0
44297564,71459338,1586131245943,0,6774.5,BTC-PERPETUAL,6775.3,buy,500.0
44297565,71459339,1586131248605,2,6774.0,BTC-PERPETUAL,6775.33,sell,20.0
44297566,71459340,1586131251151,0,6774.5,BTC-PERPETUAL,6776.19,buy,10.0
44297567,71459341,1586131251874,0,6775.5,BTC-PERPETUAL,6776.51,buy,320.0
44297568,71459342,1586131251987,0,6776.0,BTC-PERPETUAL,6776.51,buy,460.0
44297569,71459343,1586131251987,1,6776.0,BTC-PERPETUAL,6776.51,buy,200.0
44297570,71459344,1586131251987,1,6776.0,BTC-PERPETUAL,6776.51,buy,510.0
44297571,71459345,1586131259274,0,6776.5,BTC-PERPETUAL,6776.89,buy,30.0
44297572,71459346,1586131259274,1,6776.5,BTC-PERPETUAL,6776.89,buy,20.0
44297573,71459347,1586131259274,1,6776.5,BTC-PERPETUAL,6776.89,buy,640.0
44297574,71459348,1586131259383,0,6777.0,BTC-PERPETUAL,6776.89,buy,50.0
44297575,71459349,1586131259383,1,6777.0,BTC-PERPETUAL,6776.89,buy,970.0
44297576,71459350,1586131259411,1,6777.0,BTC-PERPETUAL,6776.89,buy,2400.0
44297577,71459351,1586131259424,1,6777.0,BTC-PERPETUAL,6776.89,buy,1170.0
44297578,71459352,1586131259436,1,6777.0,BTC-PERPETUAL,6776.89,buy,600.0
44297579,71459353,1586131259438,1,6777.0,BTC-PERPETUAL,6776.89,buy,1980.0
44297580,71459354,1586131262113,0,6780.0,BTC-PERPETUAL,6780.83,buy,10.0
44297581,71459355,1586131262113,1,6780.0,BTC-PERPETUAL,6780.83,buy,1230.0
44297582,71459356,1586131270147,2,6779.5,BTC-PERPETUAL,6781.49,sell,70.0
44297583,71459357,1586131279439,0,6780.0,BTC-PERPETUAL,6781.04,buy,1600.0
44297584,71459359,1586131282503,0,6780.5,BTC-PERPETUAL,6782.43,buy,10.0
44297585,71459363,1586131292349,0,6782.0,BTC-PERPETUAL,6784.04,buy,20.0
44297586,71459364,1586131292349,1,6782.0,BTC-PERPETUAL,6784.04,buy,10.0
44297587,71459365,1586131292349,1,6782.0,BTC-PERPETUAL,6784.04,buy,10.0
44297588,71459366,1586131292349,1,6782.0,BTC-PERPETUAL,6784.04,buy,30.0
44297589,71459367,1586131292369,0,6782.5,BTC-PERPETUAL,6784.04,buy,20.0
44297590,71459368,1586131292369,1,6782.5,BTC-PERPETUAL,6784.04,buy,50.0
44297591,71459369,1586131292369,1,6782.5,BTC-PERPETUAL,6784.04,buy,460.0
44297592,71459370,1586131292369,1,6782.5,BTC-PERPETUAL,6784.04,buy,220.0
44297593,71459375,1586131297299,0,6783.5,BTC-PERPETUAL,6784.31,buy,10.0
44297594,71459376,1586131297299,1,6783.5,BTC-PERPETUAL,6784.31,buy,10.0
44297595,71459377,1586131297299,1,6783.5,BTC-PERPETUAL,6784.31,buy,40.0
44297596,71459378,1586131297299,1,6783.5,BTC-PERPETUAL,6784.31,buy,560.0
44297597,71459380,1586131305229,1,6783.5,BTC-PERPETUAL,6784.83,buy,10.0
44297598,71459381,1586131305229,1,6783.5,BTC-PERPETUAL,6784.83,buy,490.0
44297599,71459382,1586131307887,1,6783.5,BTC-PERPETUAL,6784.95,buy,20.0
44297600,71459383,1586131307887,0,6784.0,BTC-PERPETUAL,6784.95,buy,320.0
44297601,71459384,1586131307887,1,6784.0,BTC-PERPETUAL,6784.95,buy,50.0
44297602,71459385,1586131307887,0,6784.5,BTC-PERPETUAL,6784.95,buy,10.0
44297603,71459386,1586131307887,1,6784.5,BTC-PERPETUAL,6784.95,buy,100.0
44297604,71459387,1586131313532,1,6784.5,BTC-PERPETUAL,6783.96,buy,360.0
44297605,71459388,1586131313532,1,6784.5,BTC-PERPETUAL,6783.96,buy,50.0
44297606,71459389,1586131313532,1,6784.5,BTC-PERPETUAL,6783.96,buy,5590.0
44297607,71459390,1586131317750,2,6784.0,BTC-PERPETUAL,6783.5,sell,200.0
44297608,71459391,1586131317750,3,6784.0,BTC-PERPETUAL,6783.5,sell,1400.0
44297609,71459392,1586131318111,3,6784.0,BTC-PERPETUAL,6783.42,sell,250.0
44297610,71459393,1586131319809,3,6784.0,BTC-PERPETUAL,6783.25,sell,250.0
44297611,71459397,1586131324146,3,6784.0,BTC-PERPETUAL,6783.09,sell,8100.0
44297612,71459398,1586131324146,3,6784.0,BTC-PERPETUAL,6783.09,sell,10.0
44297613,71459400,1586131324213,2,6783.0,BTC-PERPETUAL,6783.09,sell,250.0
44297614,71459401,1586131324213,3,6783.0,BTC-PERPETUAL,6783.09,sell,10.0
44297615,71459404,1586131324242,2,6782.5,BTC-PERPETUAL,6783.09,sell,10.0
44297616,71459405,1586131324255,3,6782.5,BTC-PERPETUAL,6783.09,sell,10.0
44297617,71459406,1586131324357,2,6782.0,BTC-PERPETUAL,6783.09,sell,7120.0
44297618,71459408,1586131324498,2,6781.0,BTC-PERPETUAL,6783.09,sell,50.0
44297619,71459409,1586131324498,3,6781.0,BTC-PERPETUAL,6783.09,sell,50.0
44297620,71459410,1586131324538,2,6780.0,BTC-PERPETUAL,6783.09,sell,120.0
44297621,71459411,1586131324538,3,6780.0,BTC-PERPETUAL,6783.09,sell,1630.0
44297622,71459413,1586131324622,3,6780.0,BTC-PERPETUAL,6783.09,sell,5490.0
44297623,71459414,1586131324726,2,6779.0,BTC-PERPETUAL,6783.09,sell,100.0
44297624,71459415,1586131324726,3,6779.0,BTC-PERPETUAL,6783.09,sell,3920.0
44297625,71459416,1586131324738,3,6779.0,BTC-PERPETUAL,6783.09,sell,2040.0
44297626,71459417,1586131352786,2,6778.0,BTC-PERPETUAL,6777.11,sell,460.0
44297627,71459418,1586131352786,3,6778.0,BTC-PERPETUAL,6777.11,sell,50.0
44297628,71459419,1586131352786,3,6778.0,BTC-PERPETUAL,6777.11,sell,70.0
44297629,71459420,1586131352786,3,6778.0,BTC-PERPETUAL,6777.11,sell,40.0
44297630,71459421,1586131352852,2,6776.5,BTC-PERPETUAL,6777.11,sell,10.0
44297631,71459425,1586131402806,3,6776.5,BTC-PERPETUAL,6778.75,buy,70.0
44297632,71459426,1586131402806,3,6776.5,BTC-PERPETUAL,6778.75,buy,70.0
44297633,71459427,1586131402806,3,6776.5,BTC-PERPETUAL,6778.75,buy,5390.0
44297634,71459428,1586131402837,3,6776.5,BTC-PERPETUAL,6778.75,buy,780.0
44297635,71459429,1586131402893,3,6776.5,BTC-PERPETUAL,6778.75,buy,3130.0
44297636,71459430,1586131403350,3,6776.5,BTC-PERPETUAL,6778.75,buy,3620.0
44297637,71459431,1586131403351,3,6776.5,BTC-PERPETUAL,6778.75,buy,18100.0
44297638,71459432,1586131403375,3,6776.5,BTC-PERPETUAL,6778.75,buy,2470.0
44297639,71459433,1586131403390,3,6776.5,BTC-PERPETUAL,6778.75,buy,1600.0
44297640,71459434,1586131403412,3,6776.5,BTC-PERPETUAL,6778.75,buy,14300.0
44297641,71459435,1586131403417,3,6776.5,BTC-PERPETUAL,6778.75,buy,1200.0
44297642,71459436,1586131403419,3,6776.5,BTC-PERPETUAL,6778.75,buy,500.0
44297643,71459437,1586131403421,3,6776.5,BTC-PERPETUAL,6778.75,buy,3400.0
44297644,71459438,1586131403428,3,6776.5,BTC-PERPETUAL,6778.75,buy,4000.0
44297645,71459439,1586131403430,3,6776.5,BTC-PERPETUAL,6778.75,buy,300.0
44297646,71459440,1586131403432,3,6776.5,BTC-PERPETUAL,6778.75,buy,1210.0
44297647,71459444,1586131426112,0,6778.0,BTC-PERPETUAL,6778.71,sell,70.0
44297648,71459445,1586131426112,1,6778.0,BTC-PERPETUAL,6778.71,sell,70.0
44297649,71459446,1586131426112,1,6778.0,BTC-PERPETUAL,6778.71,sell,40.0
44297650,71459447,1586131440252,2,6777.0,BTC-PERPETUAL,6779.62,buy,70.0
44297651,71459448,1586131442328,0,6777.5,BTC-PERPETUAL,6780.73,buy,110.0
44297652,71459449,1586131472064,0,6778.5,BTC-PERPETUAL,6779.23,buy,30.0
44297653,71459450,1586131472064,1,6778.5,BTC-PERPETUAL,6779.23,buy,90.0
44297654,71459451,1586131519052,1,6778.5,BTC-PERPETUAL,6781.36,buy,30.0
44297655,71459452,1586131519052,1,6778.5,BTC-PERPETUAL,6781.36,buy,570.0
44297656,71459453,1586131519052,1,6778.5,BTC-PERPETUAL,6781.36,buy,20.0
44297657,71459454,1586131519052,1,6778.5,BTC-PERPETUAL,6781.36,buy,250.0
44297658,71459455,1586131519052,1,6778.5,BTC-PERPETUAL,6781.36,buy,60.0
44297659,71459456,1586131539227,0,6779.0,BTC-PERPETUAL,6780.15,sell,20.0
44297660,71459458,1586131554183,0,6779.5,BTC-PERPETUAL,6782.97,buy,60.0
44297661,71459459,1586131554183,1,6779.5,BTC-PERPETUAL,6782.97,buy,20.0
44297662,71459463,1586131578683,0,6781.0,BTC-PERPETUAL,6783.37,buy,460.0
44297663,71459464,1586131578683,1,6781.0,BTC-PERPETUAL,6783.37,buy,50.0
44297664,71459465,1586131578683,1,6781.0,BTC-PERPETUAL,6783.37,buy,50.0
44297665,71459467,1586131578690,0,6781.5,BTC-PERPETUAL,6783.37,buy,250.0
44297666,71459473,1586131578704,0,6782.5,BTC-PERPETUAL,6783.37,buy,120.0
44297667,71459474,1586131578704,1,6782.5,BTC-PERPETUAL,6783.37,buy,50.0
44297668,71459475,1586131578704,1,6782.5,BTC-PERPETUAL,6783.37,buy,10.0
44297669,71459476,1586131578704,1,6782.5,BTC-PERPETUAL,6783.37,buy,3390.0
44297670,71459477,1586131578704,1,6782.5,BTC-PERPETUAL,6783.37,buy,10000.0
44297671,71459478,1586131578704,1,6782.5,BTC-PERPETUAL,6783.37,buy,2000.0
44297672,71459483,1586131578726,0,6783.0,BTC-PERPETUAL,6783.37,buy,460.0
44297673,71459484,1586131578726,1,6783.0,BTC-PERPETUAL,6783.37,buy,50.0
44297674,71459485,1586131578726,1,6783.0,BTC-PERPETUAL,6783.37,buy,240.0
44297675,71459486,1586131578726,1,6783.0,BTC-PERPETUAL,6783.37,buy,240.0
44297676,71459487,1586131578726,1,6783.0,BTC-PERPETUAL,6783.37,buy,250.0
44297677,71459488,1586131578726,1,6783.0,BTC-PERPETUAL,6783.37,buy,7120.0
44297678,71459493,1586131578858,0,6784.0,BTC-PERPETUAL,6783.37,buy,10.0
44297679,71459494,1586131578858,1,6784.0,BTC-PERPETUAL,6783.37,buy,6780.0
44297680,71459495,1586131578858,1,6784.0,BTC-PERPETUAL,6783.37,buy,420.0
44297681,71459496,1586131578858,1,6784.0,BTC-PERPETUAL,6783.37,buy,300.0
44297682,71459497,1586131578858,1,6784.0,BTC-PERPETUAL,6783.37,buy,10.0
44297683,71459498,1586131578877,0,6784.5,BTC-PERPETUAL,6783.37,buy,240.0
44297684,71459499,1586131578877,1,6784.5,BTC-PERPETUAL,6783.37,buy,240.0
44297685,71459500,1586131578877,1,6784.5,BTC-PERPETUAL,6783.37,buy,300.0
44297686,71459501,1586131578877,1,6784.5,BTC-PERPETUAL,6783.37,buy,1800.0
44297687,71459502,1586131578923,0,6785.0,BTC-PERPETUAL,6784.84,buy,130.0
44297688,71459503,1586131578923,0,6785.5,BTC-PERPETUAL,6784.84,buy,50.0
44297689,71459504,1586131578923,1,6785.5,BTC-PERPETUAL,6784.84,buy,10.0
44297690,71459505,1586131578923,1,6785.5,BTC-PERPETUAL,6784.84,buy,70.0
44297691,71459506,1586131578923,1,6785.5,BTC-PERPETUAL,6784.84,buy,10.0
44297692,71459507,1586131578923,0,6786.0,BTC-PERPETUAL,6784.84,buy,50.0
44297693,71459508,1586131578923,1,6786.0,BTC-PERPETUAL,6784.84,buy,10.0
44297694,71459509,1586131578923,1,6786.0,BTC-PERPETUAL,6784.84,buy,50.0
44297695,71459510,1586131578923,1,6786.0,BTC-PERPETUAL,6784.84,buy,10.0
44297696,71459511,1586131578923,1,6786.0,BTC-PERPETUAL,6784.84,buy,120.0
44297697,71459512,1586131578923,1,6786.0,BTC-PERPETUAL,6784.84,buy,180.0
44297698,71459513,1586131578923,1,6786.0,BTC-PERPETUAL,6784.84,buy,1310.0
44297699,71459514,1586131578980,1,6786.0,BTC-PERPETUAL,6784.84,buy,130.0
44297700,71459516,1586131579001,1,6786.0,BTC-PERPETUAL,6784.84,buy,10.0
44297701,71459517,1586131579002,1,6786.0,BTC-PERPETUAL,6784.84,buy,360.0
44297702,71459518,1586131579011,1,6786.0,BTC-PERPETUAL,6784.84,buy,2220.0
44297703,71459519,1586131579022,1,6786.0,BTC-PERPETUAL,6784.84,buy,2400.0
44297704,71459520,1586131579025,1,6786.0,BTC-PERPETUAL,6784.84,buy,1880.0
44297705,71459521,1586131579027,1,6786.0,BTC-PERPETUAL,6784.84,buy,1440.0
44297706,71459522,1586131579027,1,6786.0,BTC-PERPETUAL,6784.84,buy,160.0
44297707,71459523,1586131579056,1,6786.0,BTC-PERPETUAL,6784.84,buy,1440.0
44297708,71459524,1586131579060,1,6786.0,BTC-PERPETUAL,6784.84,buy,500.0
44297709,71459525,1586131579134,1,6786.0,BTC-PERPETUAL,6784.84,buy,5000.0
44297710,71459526,1586131579229,1,6786.0,BTC-PERPETUAL,6784.84,sell,500.0
44297711,71459527,1586131579229,1,6786.0,BTC-PERPETUAL,6784.84,sell,1800.0
44297712,71459528,1586131579229,1,6786.0,BTC-PERPETUAL,6784.84,sell,1800.0
44297713,71459529,1586131579229,1,6786.0,BTC-PERPETUAL,6784.84,sell,1800.0
44297714,71459530,1586131579268,1,6786.0,BTC-PERPETUAL,6784.84,buy,14100.0
44297715,71459531,1586131579268,1,6786.0,BTC-PERPETUAL,6784.84,buy,4000.0
44297716,71459532,1586131579268,1,6786.0,BTC-PERPETUAL,6784.84,buy,500.0
44297717,71459533,1586131579268,1,6786.0,BTC-PERPETUAL,6784.84,buy,1800.0
44297718,71459534,1586131579268,1,6786.0,BTC-PERPETUAL,6784.84,buy,1800.0
44297719,71459535,1586131579268,1,6786.0,BTC-PERPETUAL,6784.84,buy,10.0
44297720,71459536,1586131579268,1,6786.0,BTC-PERPETUAL,6784.84,buy,7120.0
44297721,71459537,1586131579278,1,6786.0,BTC-PERPETUAL,6784.84,buy,1000.0
44297722,71459538,1586131579292,1,6786.0,BTC-PERPETUAL,6784.84,buy,800.0
44297723,71459539,1586131579328,1,6786.0,BTC-PERPETUAL,6784.84,sell,4000.0
44297724,71459540,1586131579328,1,6786.0,BTC-PERPETUAL,6784.84,sell,1800.0
44297725,71459541,1586131579328,1,6786.0,BTC-PERPETUAL,6784.84,sell,1000.0
44297726,71459542,1586131579328,1,6786.0,BTC-PERPETUAL,6784.84,sell,400.0
44297727,71459543,1586131579328,1,6786.0,BTC-PERPETUAL,6784.84,sell,280.0
44297728,71459544,1586131579328,1,6786.0,BTC-PERPETUAL,6784.84,sell,500.0
44297729,71459545,1586131579328,1,6786.0,BTC-PERPETUAL,6784.84,sell,1410.0
44297730,71459546,1586131579328,1,6786.0,BTC-PERPETUAL,6784.84,sell,380.0
44297731,71459547,1586131579328,1,6786.0,BTC-PERPETUAL,6784.84,sell,10230.0
44297732,71459548,1586131579331,0,6786.5,BTC-PERPETUAL,6784.84,buy,50.0
44297733,71459549,1586131579331,1,6786.5,BTC-PERPETUAL,6784.84,buy,50.0
44297734,71459550,1586131579331,1,6786.5,BTC-PERPETUAL,6784.84,buy,10.0
44297735,71459551,1586131579331,1,6786.5,BTC-PERPETUAL,6784.84,buy,10.0
44297736,71459552,1586131579331,1,6786.5,BTC-PERPETUAL,6784.84,buy,50.0
44297737,71459553,1586131579331,1,6786.5,BTC-PERPETUAL,6784.84,buy,10.0
44297738,71459554,1586131579331,1,6786.5,BTC-PERPETUAL,6784.84,buy,10.0
44297739,71459555,1586131579331,0,6787.0,BTC-PERPETUAL,6784.84,buy,300.0
44297740,71459556,1586131579331,1,6787.0,BTC-PERPETUAL,6784.84,buy,6290.0
44297741,71459557,1586131579351,1,6787.0,BTC-PERPETUAL,6784.84,buy,250.0
44297742,71459558,1586131579357,1,6787.0,BTC-PERPETUAL,6784.84,buy,400.0
44297743,71459559,1586131579658,2,6786.5,BTC-PERPETUAL,6784.84,sell,250.0
44297744,71459560,1586131580243,0,6787.0,BTC-PERPETUAL,6786.71,buy,500.0
44297745,71459561,1586131580243,1,6787.0,BTC-PERPETUAL,6786.71,buy,1410.0
44297746,71459562,1586131580243,0,6787.5,BTC-PERPETUAL,6786.71,buy,20.0
44297747,71459563,1586131580243,1,6787.5,BTC-PERPETUAL,6786.71,buy,130.0
44297748,71459564,1586131580243,0,6788.0,BTC-PERPETUAL,6786.71,buy,460.0
44297749,71459565,1586131580243,1,6788.0,BTC-PERPETUAL,6786.71,buy,50.0
44297750,71459566,1586131580243,1,6788.0,BTC-PERPETUAL,6786.71,buy,40.0
44297751,71459567,1586131580243,1,6788.0,BTC-PERPETUAL,6786.71,buy,10.0
44297752,71459568,1586131580243,1,6788.0,BTC-PERPETUAL,6786.71,buy,7120.0
44297753,71459569,1586131580243,0,6789.0,BTC-PERPETUAL,6786.71,buy,100.0
44297754,71459570,1586131580243,1,6789.0,BTC-PERPETUAL,6786.71,buy,100.0
44297755,71459571,1586131580243,1,6789.0,BTC-PERPETUAL,6786.71,buy,1000.0
44297756,71459572,1586131580243,1,6789.0,BTC-PERPETUAL,6786.71,buy,4830.0
44297757,71459573,1586131580243,1,6789.0,BTC-PERPETUAL,6786.71,buy,270.0
44297758,71459574,1586131580243,1,6789.0,BTC-PERPETUAL,6786.71,buy,13580.0
44297759,71459575,1586131580243,1,6789.0,BTC-PERPETUAL,6786.71,buy,10180.0
44297760,71459576,1586131580243,0,6789.5,BTC-PERPETUAL,6786.71,buy,50.0
44297761,71459577,1586131580243,1,6789.5,BTC-PERPETUAL,6786.71,buy,20.0
44297762,71459578,1586131580243,1,6789.5,BTC-PERPETUAL,6786.71,buy,16860.0
44297763,71459579,1586131580895,2,6788.5,BTC-PERPETUAL,6786.71,buy,10.0
44297764,71459580,1586131580995,0,6789.0,BTC-PERPETUAL,6789.63,buy,3240.0
44297765,71459581,1586131581000,1,6789.0,BTC-PERPETUAL,6789.63,buy,1590.0
44297766,71459582,1586131581000,1,6789.0,BTC-PERPETUAL,6789.63,buy,250.0
44297767,71459583,1586131581000,1,6789.0,BTC-PERPETUAL,6789.63,buy,220.0
44297768,71459585,1586131581043,1,6789.0,BTC-PERPETUAL,6789.63,buy,60.0
44297769,71459586,1586131581043,1,6789.0,BTC-PERPETUAL,6789.63,buy,1800.0
44297770,71459587,1586131581043,1,6789.0,BTC-PERPETUAL,6789.63,buy,100.0
44297771,71459588,1586131581053,1,6789.0,BTC-PERPETUAL,6789.63,buy,900.0
44297772,71459589,1586131581053,1,6789.0,BTC-PERPETUAL,6789.63,buy,10.0
44297773,71459590,1586131581317,0,6789.5,BTC-PERPETUAL,6789.63,buy,5430.0
44297774,71459591,1586131581317,1,6789.5,BTC-PERPETUAL,6789.63,buy,8670.0
44297775,71459592,1586131581503,1,6789.5,BTC-PERPETUAL,6789.63,buy,1330.0
44297776,71459593,1586131581511,1,6789.5,BTC-PERPETUAL,6789.63,buy,900.0
44297777,71459595,1586131581760,1,6789.5,BTC-PERPETUAL,6789.63,buy,1620.0
44297778,71459598,1586131583749,1,6789.5,BTC-PERPETUAL,6789.88,buy,380.0
44297779,71459599,1586131583749,1,6789.5,BTC-PERPETUAL,6789.88,buy,1060.0
44297780,71459600,1586131585186,1,6789.5,BTC-PERPETUAL,6790.12,buy,1080.0
44297781,71459602,1586131587970,1,6789.5,BTC-PERPETUAL,6792.36,buy,1100.0
44297782,71459603,1586131587970,1,6789.5,BTC-PERPETUAL,6792.36,buy,520.0
44297783,71459604,1586131588018,1,6789.5,BTC-PERPETUAL,6792.36,buy,1070.0
44297784,71459605,1586131588018,1,6789.5,BTC-PERPETUAL,6792.36,buy,590.0
44297785,71459606,1586131588077,0,6790.0,BTC-PERPETUAL,6792.36,buy,520.0
44297786,71459607,1586131588089,1,6790.0,BTC-PERPETUAL,6792.36,buy,300.0
44297787,71459608,1586131588091,1,6790.0,BTC-PERPETUAL,6792.36,buy,180.0
44297788,71459609,1586131588091,1,6790.0,BTC-PERPETUAL,6792.36,buy,10.0
44297789,71459610,1586131588091,1,6790.0,BTC-PERPETUAL,6792.36,buy,10.0
44297790,71459611,1586131588091,1,6790.0,BTC-PERPETUAL,6792.36,buy,10.0
44297791,71459612,1586131588091,1,6790.0,BTC-PERPETUAL,6792.36,buy,100.0
44297792,71459613,1586131588091,1,6790.0,BTC-PERPETUAL,6792.36,buy,100.0
44297793,71459614,1586131588091,1,6790.0,BTC-PERPETUAL,6792.36,buy,250.0
44297794,71459615,1586131588343,0,6791.0,BTC-PERPETUAL,6792.36,buy,10.0
44297795,71459616,1586131588343,0,6791.5,BTC-PERPETUAL,6792.36,buy,90.0
44297796,71459617,1586131588343,1,6791.5,BTC-PERPETUAL,6792.36,buy,10.0
44297797,71459618,1586131588343,0,6792.0,BTC-PERPETUAL,6792.36,buy,460.0
44297798,71459619,1586131588343,1,6792.0,BTC-PERPETUAL,6792.36,buy,20.0
44297799,71459620,1586131588343,1,6792.0,BTC-PERPETUAL,6792.36,buy,910.0
44297800,71459621,1586131589065,1,6792.0,BTC-PERPETUAL,6793.3,buy,17840.0
44297801,71459624,1586131589097,1,6792.0,BTC-PERPETUAL,6793.3,buy,3000.0
44297802,71459625,1586131589099,1,6792.0,BTC-PERPETUAL,6793.3,buy,2300.0
44297803,71459626,1586131589271,1,6792.0,BTC-PERPETUAL,6793.3,buy,1810.0
44297804,71459627,1586131589452,1,6792.0,BTC-PERPETUAL,6793.3,buy,14140.0
44297805,71459628,1586131589452,1,6792.0,BTC-PERPETUAL,6793.3,buy,10.0
44297806,71459629,1586131589452,1,6792.0,BTC-PERPETUAL,6793.3,buy,10.0
44297807,71459630,1586131589452,0,6792.5,BTC-PERPETUAL,6793.3,buy,10.0
44297808,71459631,1586131589452,0,6793.0,BTC-PERPETUAL,6793.3,buy,10.0
44297809,71459632,1586131589452,1,6793.0,BTC-PERPETUAL,6793.3,buy,10.0
44297810,71459633,1586131589452,1,6793.0,BTC-PERPETUAL,6793.3,buy,10.0
44297811,71459634,1586131589452,0,6794.0,BTC-PERPETUAL,6793.3,buy,10.0
44297812,71459635,1586131589452,1,6794.0,BTC-PERPETUAL,6793.3,buy,10.0
44297813,71459636,1586131589452,1,6794.0,BTC-PERPETUAL,6793.3,buy,460.0
44297814,71459637,1586131589452,1,6794.0,BTC-PERPETUAL,6793.3,buy,50.0
44297815,71459638,1586131589452,0,6794.5,BTC-PERPETUAL,6793.3,buy,250.0
44297816,71459639,1586131589452,0,6795.0,BTC-PERPETUAL,6793.3,buy,20.0
44297817,71459640,1586131589452,1,6795.0,BTC-PERPETUAL,6793.3,buy,20.0
44297818,71459641,1586131589452,1,6795.0,BTC-PERPETUAL,6793.3,buy,10.0
44297819,71459642,1586131589452,0,6795.5,BTC-PERPETUAL,6793.3,buy,50.0
44297820,71459644,1586131589766,2,6795.0,BTC-PERPETUAL,6793.3,sell,250.0
44297821,71459645,1586131590869,0,6795.5,BTC-PERPETUAL,6794.23,buy,240.0
44297822,71459649,1586131592251,1,6795.5,BTC-PERPETUAL,6794.34,buy,1710.0
44297823,71459650,1586131594479,1,6795.5,BTC-PERPETUAL,6795.54,buy,1630.0
44297824,71459666,1586131596601,1,6795.5,BTC-PERPETUAL,6796.94,buy,860.0
44297825,71459667,1586131596638,1,6795.5,BTC-PERPETUAL,6796.94,buy,4400.0
44297826,71459668,1586131596639,1,6795.5,BTC-PERPETUAL,6796.94,buy,3100.0
44297827,71459669,1586131596647,1,6795.5,BTC-PERPETUAL,6796.94,buy,3800.0
44297828,71459670,1586131596657,1,6795.5,BTC-PERPETUAL,6796.94,buy,2200.0
44297829,71459671,1586131596658,1,6795.5,BTC-PERPETUAL,6796.94,buy,500.0
44297830,71459672,1586131596660,1,6795.5,BTC-PERPETUAL,6796.94,buy,900.0
44297831,71459673,1586131596661,1,6795.5,BTC-PERPETUAL,6796.94,buy,100.0
44297832,71459674,1586131596683,1,6795.5,BTC-PERPETUAL,6796.94,buy,6010.0
44297833,71459675,1586131596684,1,6795.5,BTC-PERPETUAL,6796.94,buy,200.0
44297834,71459676,1586131596686,1,6795.5,BTC-PERPETUAL,6796.94,buy,6300.0
44297835,71459677,1586131596689,1,6795.5,BTC-PERPETUAL,6796.94,buy,8000.0
44297836,71459678,1586131596689,1,6795.5,BTC-PERPETUAL,6796.94,buy,10.0
44297837,71459679,1586131596689,1,6795.5,BTC-PERPETUAL,6796.94,buy,20.0
44297838,71459680,1586131596689,1,6795.5,BTC-PERPETUAL,6796.94,buy,70.0
44297839,71459681,1586131596690,1,6795.5,BTC-PERPETUAL,6796.94,buy,10.0
44297840,71459682,1586131596690,1,6795.5,BTC-PERPETUAL,6796.94,buy,290.0
44297841,71459683,1586131596692,1,6795.5,BTC-PERPETUAL,6796.94,buy,220.0
44297842,71459684,1586131596705,0,6796.0,BTC-PERPETUAL,6796.94,buy,50.0
44297843,71459685,1586131596705,1,6796.0,BTC-PERPETUAL,6796.94,buy,50.0
44297844,71459686,1586131596768,0,6796.5,BTC-PERPETUAL,6796.94,buy,20.0
44297845,71459687,1586131596768,1,6796.5,BTC-PERPETUAL,6796.94,buy,50.0
44297846,71459688,1586131596768,1,6796.5,BTC-PERPETUAL,6796.94,buy,10.0
44297847,71459689,1586131596768,1,6796.5,BTC-PERPETUAL,6796.94,buy,50.0
44297848,71459690,1586131596768,1,6796.5,BTC-PERPETUAL,6796.94,buy,10.0
44297849,71459691,1586131596768,1,6796.5,BTC-PERPETUAL,6796.94,buy,10.0
44297850,71459692,1586131596768,1,6796.5,BTC-PERPETUAL,6796.94,buy,20.0
44297851,71459693,1586131596834,0,6797.0,BTC-PERPETUAL,6796.94,buy,10.0
44297852,71459694,1586131596834,1,6797.0,BTC-PERPETUAL,6796.94,buy,10.0
44297853,71459695,1586131596834,1,6797.0,BTC-PERPETUAL,6796.94,buy,10.0
44297854,71459696,1586131596834,1,6797.0,BTC-PERPETUAL,6796.94,buy,10.0
44297855,71459697,1586131596834,1,6797.0,BTC-PERPETUAL,6796.94,buy,300.0
44297856,71459698,1586131596910,0,6798.0,BTC-PERPETUAL,6796.94,buy,10.0
44297857,71459699,1586131596910,0,6798.5,BTC-PERPETUAL,6796.94,buy,450.0
44297858,71459700,1586131596910,1,6798.5,BTC-PERPETUAL,6796.94,buy,50.0
44297859,71459701,1586131596910,1,6798.5,BTC-PERPETUAL,6796.94,buy,60.0
44297860,71459702,1586131597036,1,6798.5,BTC-PERPETUAL,6796.94,buy,30.0
44297861,71459703,1586131597036,1,6798.5,BTC-PERPETUAL,6796.94,buy,90.0
44297862,71459704,1586131597036,0,6799.0,BTC-PERPETUAL,6796.94,buy,30.0
44297863,71459705,1586131597036,1,6799.0,BTC-PERPETUAL,6796.94,buy,50.0
44297864,71459706,1586131597036,1,6799.0,BTC-PERPETUAL,6796.94,buy,50.0
44297865,71459707,1586131597036,0,6799.5,BTC-PERPETUAL,6796.94,buy,100.0
44297866,71459708,1586131597036,1,6799.5,BTC-PERPETUAL,6796.94,buy,100.0
44297867,71459709,1586131597036,1,6799.5,BTC-PERPETUAL,6796.94,buy,50.0
44297868,71459710,1586131597036,1,6799.5,BTC-PERPETUAL,6796.94,buy,460.0
44297869,71459711,1586131597036,1,6799.5,BTC-PERPETUAL,6796.94,buy,250.0
44297870,71459712,1586131597036,0,6800.0,BTC-PERPETUAL,6796.94,buy,10.0
44297871,71459713,1586131597036,1,6800.0,BTC-PERPETUAL,6796.94,buy,10.0
44297872,71459714,1586131597036,1,6800.0,BTC-PERPETUAL,6796.94,buy,50.0
44297873,71459715,1586131597036,1,6800.0,BTC-PERPETUAL,6796.94,buy,1510.0
44297874,71459716,1586131597036,1,6800.0,BTC-PERPETUAL,6796.94,buy,30.0
44297875,71459717,1586131597036,0,6800.5,BTC-PERPETUAL,6796.94,buy,20.0
44297876,71459718,1586131597036,1,6800.5,BTC-PERPETUAL,6796.94,buy,20.0
44297877,71459719,1586131597036,1,6800.5,BTC-PERPETUAL,6796.94,buy,110.0
44297878,71459720,1586131597036,0,6801.0,BTC-PERPETUAL,6796.94,buy,3000.0
44297879,71459721,1586131597036,1,6801.0,BTC-PERPETUAL,6796.94,buy,460.0
44297880,71459722,1586131597036,0,6801.5,BTC-PERPETUAL,6796.94,buy,40.0
44297881,71459723,1586131597036,1,6801.5,BTC-PERPETUAL,6796.94,buy,10.0
44297882,71459724,1586131597036,1,6801.5,BTC-PERPETUAL,6796.94,buy,16380.0
44297883,71459725,1586131597036,0,6802.0,BTC-PERPETUAL,6796.94,buy,20.0
44297884,71459726,1586131597036,1,6802.0,BTC-PERPETUAL,6796.94,buy,40.0
44297885,71459727,1586131597036,1,6802.0,BTC-PERPETUAL,6796.94,buy,40.0
44297886,71459728,1586131597036,1,6802.0,BTC-PERPETUAL,6796.94,buy,40.0
44297887,71459729,1586131597036,1,6802.0,BTC-PERPETUAL,6796.94,buy,10.0
44297888,71459730,1586131597036,1,6802.0,BTC-PERPETUAL,6796.94,buy,10.0
44297889,71459731,1586131597036,1,6802.0,BTC-PERPETUAL,6796.94,buy,7120.0
44297890,71459732,1586131597036,0,6802.5,BTC-PERPETUAL,6796.94,buy,10.0
44297891,71459733,1586131597036,1,6802.5,BTC-PERPETUAL,6796.94,buy,10.0
44297892,71459734,1586131597036,1,6802.5,BTC-PERPETUAL,6796.94,buy,100.0
44297893,71459735,1586131597036,1,6802.5,BTC-PERPETUAL,6796.94,buy,100.0
44297894,71459736,1586131597036,1,6802.5,BTC-PERPETUAL,6796.94,buy,40.0
44297895,71459737,1586131597036,1,6802.5,BTC-PERPETUAL,6796.94,buy,40.0
44297896,71459738,1586131597036,1,6802.5,BTC-PERPETUAL,6796.94,buy,40.0
44297897,71459739,1586131597036,1,6802.5,BTC-PERPETUAL,6796.94,buy,1700.0
44297898,71459740,1586131597036,1,6802.5,BTC-PERPETUAL,6796.94,buy,34040.0
44297899,71459741,1586131597036,0,6803.0,BTC-PERPETUAL,6796.94,buy,250.0
44297900,71459742,1586131597036,1,6803.0,BTC-PERPETUAL,6796.94,buy,420.0
44297901,71459743,1586131597036,1,6803.0,BTC-PERPETUAL,6796.94,buy,1800.0
44297902,71459744,1586131597036,0,6803.5,BTC-PERPETUAL,6796.94,buy,20.0
44297903,71459745,1586131597036,1,6803.5,BTC-PERPETUAL,6796.94,buy,40.0
44297904,71459746,1586131597036,1,6803.5,BTC-PERPETUAL,6796.94,buy,18740.0
44297905,71459747,1586131597036,0,6804.0,BTC-PERPETUAL,6796.94,buy,20.0
44297906,71459748,1586131597036,1,6804.0,BTC-PERPETUAL,6796.94,buy,22860.0
44297907,71459749,1586131597036,1,6804.0,BTC-PERPETUAL,6796.94,buy,3000.0
44297908,71459750,1586131597036,1,6804.0,BTC-PERPETUAL,6796.94,buy,6630.0
44297909,71459754,1586131597512,2,6803.5,BTC-PERPETUAL,6797.78,sell,1510.0
44297910,71459756,1586131597649,3,6803.5,BTC-PERPETUAL,6797.78,sell,1800.0
44297911,71459757,1586131597649,3,6803.5,BTC-PERPETUAL,6797.78,sell,1800.0
44297912,71459758,1586131597649,3,6803.5,BTC-PERPETUAL,6797.78,sell,1800.0
44297913,71459759,1586131597649,3,6803.5,BTC-PERPETUAL,6797.78,sell,630.0
44297914,71459761,1586131601532,0,6804.0,BTC-PERPETUAL,6799.52,buy,400.0
44297915,71459762,1586131601532,1,6804.0,BTC-PERPETUAL,6799.52,buy,850.0
44297916,71459767,1586131602109,1,6804.0,BTC-PERPETUAL,6800.14,buy,1400.0
44297917,71459768,1586131603645,1,6804.0,BTC-PERPETUAL,6800.64,buy,10.0
44297918,71459772,1586131609858,2,6803.5,BTC-PERPETUAL,6801.6,sell,10.0
44297919,71459773,1586131609858,3,6803.5,BTC-PERPETUAL,6801.6,sell,210.0
44297920,71459774,1586131609858,3,6803.5,BTC-PERPETUAL,6801.6,sell,30.0
44297921,71459775,1586131609858,3,6803.5,BTC-PERPETUAL,6801.6,sell,1050.0
44297922,71459776,1586131609860,3,6803.5,BTC-PERPETUAL,6801.6,sell,5400.0
44297923,71459777,1586131609868,3,6803.5,BTC-PERPETUAL,6801.6,sell,680.0
44297924,71459778,1586131609868,3,6803.5,BTC-PERPETUAL,6801.6,sell,10.0
44297925,71459780,1586131610048,2,6803.0,BTC-PERPETUAL,6801.6,sell,250.0
44297926,71459783,1586131610729,2,6801.5,BTC-PERPETUAL,6801.88,sell,1000.0
44297927,71459784,1586131624200,3,6801.5,BTC-PERPETUAL,6801.43,buy,360.0
44297928,71459785,1586131624200,3,6801.5,BTC-PERPETUAL,6801.43,buy,1790.0
44297929,71459786,1586131624200,3,6801.5,BTC-PERPETUAL,6801.43,buy,1800.0
44297930,71459787,1586131624200,3,6801.5,BTC-PERPETUAL,6801.43,buy,1800.0
44297931,71459788,1586131624200,3,6801.5,BTC-PERPETUAL,6801.43,buy,360.0
44297932,71459789,1586131624200,3,6801.5,BTC-PERPETUAL,6801.43,buy,20.0
44297933,71459790,1586131624200,3,6801.5,BTC-PERPETUAL,6801.43,buy,1000.0
44297934,71459791,1586131624200,3,6801.5,BTC-PERPETUAL,6801.43,buy,5360.0
44297935,71459792,1586131624200,3,6801.5,BTC-PERPETUAL,6801.43,buy,2330.0
44297936,71459795,1586131630154,3,6801.5,BTC-PERPETUAL,6800.97,buy,250.0
44297937,71459797,1586131635132,2,6801.0,BTC-PERPETUAL,6800.57,sell,2240.0
44297938,71459798,1586131636389,3,6801.0,BTC-PERPETUAL,6800.89,sell,2000.0
44297939,71459799,1586131636691,3,6801.0,BTC-PERPETUAL,6800.89,sell,20.0
44297940,71459801,1586131643582,3,6801.0,BTC-PERPETUAL,6802.73,sell,2870.0
44297941,71459802,1586131643582,3,6801.0,BTC-PERPETUAL,6802.73,sell,10.0
44297942,71459803,1586131643582,3,6801.0,BTC-PERPETUAL,6802.73,sell,10.0
44297943,71459804,1586131643582,3,6801.0,BTC-PERPETUAL,6802.73,sell,250.0
44297944,71459805,1586131643582,3,6801.0,BTC-PERPETUAL,6802.73,sell,360.0
44297945,71459806,1586131643582,3,6801.0,BTC-PERPETUAL,6802.73,sell,890.0
44297946,71459807,1586131643582,3,6801.0,BTC-PERPETUAL,6802.73,sell,5610.0
44297947,71459808,1586131645293,3,6801.0,BTC-PERPETUAL,6803.34,sell,6000.0
44297948,71459809,1586131647631,0,6801.5,BTC-PERPETUAL,6803.46,buy,130.0
44297949,71459810,1586131652621,1,6801.5,BTC-PERPETUAL,6805.02,buy,130.0
44297950,71459811,1586131653006,1,6801.5,BTC-PERPETUAL,6805.02,buy,250.0
44297951,71459812,1586131653006,1,6801.5,BTC-PERPETUAL,6805.02,buy,80.0
44297952,71459813,1586131653039,0,6802.0,BTC-PERPETUAL,6805.02,buy,1280.0
44297953,71459814,1586131653041,1,6802.0,BTC-PERPETUAL,6805.02,buy,320.0
44297954,71459815,1586131653891,0,6803.5,BTC-PERPETUAL,6806.36,sell,50.0
44297955,71459816,1586131660020,1,6803.5,BTC-PERPETUAL,6804.94,sell,50.0
44297956,71459820,1586131673369,1,6803.5,BTC-PERPETUAL,6804.78,sell,1430.0
44297957,71459821,1586131676653,1,6803.5,BTC-PERPETUAL,6803.52,sell,2400.0
44297958,71459822,1586131677633,1,6803.5,BTC-PERPETUAL,6803.47,sell,2520.0
44297959,71459823,1586131677635,1,6803.5,BTC-PERPETUAL,6803.47,sell,730.0
44297960,71459824,1586131677635,1,6803.5,BTC-PERPETUAL,6803.47,sell,10.0
44297961,71459825,1586131677635,1,6803.5,BTC-PERPETUAL,6803.47,sell,1860.0
44297962,71459826,1586131677638,1,6803.5,BTC-PERPETUAL,6803.47,sell,1240.0
44297963,71459827,1586131677638,1,6803.5,BTC-PERPETUAL,6803.47,sell,300.0
44297964,71459828,1586131682818,2,6801.5,BTC-PERPETUAL,6802.99,sell,50.0
44297965,71459829,1586131689384,3,6801.5,BTC-PERPETUAL,6802.76,sell,250.0
44297966,71459830,1586131690322,3,6801.5,BTC-PERPETUAL,6803.16,sell,50.0
44297967,71459831,1586131690888,3,6801.5,BTC-PERPETUAL,6803.09,sell,250.0
44297968,71459835,1586131702059,3,6801.5,BTC-PERPETUAL,6803.51,sell,7130.0
44297969,71459836,1586131702059,3,6801.5,BTC-PERPETUAL,6803.51,sell,10.0
44297970,71459837,1586131702059,3,6801.5,BTC-PERPETUAL,6803.51,sell,200.0
44297971,71459838,1586131702059,3,6801.5,BTC-PERPETUAL,6803.51,sell,40.0
44297972,71459839,1586131702059,3,6801.5,BTC-PERPETUAL,6803.51,sell,10.0
44297973,71459840,1586131702059,3,6801.5,BTC-PERPETUAL,6803.51,sell,2000.0
44297974,71459841,1586131702059,3,6801.5,BTC-PERPETUAL,6803.51,sell,1040.0
44297975,71459842,1586131702068,3,6801.5,BTC-PERPETUAL,6803.51,sell,2100.0
44297976,71459843,1586131702074,3,6801.5,BTC-PERPETUAL,6803.51,sell,1100.0
44297977,71459844,1586131702075,3,6801.5,BTC-PERPETUAL,6803.51,sell,5760.0
44297978,71459845,1586131702075,3,6801.5,BTC-PERPETUAL,6803.51,sell,1800.0
44297979,71459846,1586131702075,3,6801.5,BTC-PERPETUAL,6803.51,sell,10.0
44297980,71459847,1586131702075,3,6801.5,BTC-PERPETUAL,6803.51,sell,10.0
44297981,71459848,1586131702075,3,6801.5,BTC-PERPETUAL,6803.51,sell,880.0
44297982,71459849,1586131702075,3,6801.5,BTC-PERPETUAL,6803.51,sell,1440.0
44297983,71459850,1586131702079,3,6801.5,BTC-PERPETUAL,6803.51,sell,2400.0
44297984,71459851,1586131702080,3,6801.5,BTC-PERPETUAL,6803.51,sell,1160.0
44297985,71459852,1586131702080,3,6801.5,BTC-PERPETUAL,6803.51,sell,10.0
44297986,71459853,1586131702080,3,6801.5,BTC-PERPETUAL,6803.51,sell,200.0
44297987,71459854,1586131702097,2,6801.0,BTC-PERPETUAL,6803.51,sell,10200.0
44297988,71459855,1586131702097,3,6801.0,BTC-PERPETUAL,6803.51,sell,110.0
44297989,71459856,1586131702097,3,6801.0,BTC-PERPETUAL,6803.51,sell,50.0
44297990,71459857,1586131702105,3,6801.0,BTC-PERPETUAL,6803.51,sell,70.0
44297991,71459858,1586131702105,2,6800.5,BTC-PERPETUAL,6803.51,sell,10180.0
44297992,71459859,1586131702105,2,6800.0,BTC-PERPETUAL,6803.51,sell,1980.0
44297993,71459860,1586131702105,3,6800.0,BTC-PERPETUAL,6803.51,sell,980.0
44297994,71459861,1586131702131,0,6801.0,BTC-PERPETUAL,6803.51,sell,10.0
44297995,71459862,1586131702131,2,6800.0,BTC-PERPETUAL,6803.51,sell,1450.0
44297996,71459863,1586131702134,3,6800.0,BTC-PERPETUAL,6803.51,sell,5920.0
44297997,71459864,1586131702137,3,6800.0,BTC-PERPETUAL,6803.51,sell,2410.0
44297998,71459872,1586131702229,3,6800.0,BTC-PERPETUAL,6803.51,sell,6240.0
44297999,71459873,1586131702229,3,6800.0,BTC-PERPETUAL,6803.51,sell,270.0
44298000,71459874,1586131702229,3,6800.0,BTC-PERPETUAL,6803.51,sell,10.0
44298001,71459875,1586131702229,3,6800.0,BTC-PERPETUAL,6803.51,sell,3150.0
44298002,71459876,1586131702233,3,6800.0,BTC-PERPETUAL,6803.51,sell,3980.0
44298003,71459882,1586131702349,2,6799.5,BTC-PERPETUAL,6803.51,sell,10.0
44298004,71459883,1586131702349,3,6799.5,BTC-PERPETUAL,6803.51,sell,1680.0
44298005,71459884,1586131702361,3,6799.5,BTC-PERPETUAL,6803.51,sell,1500.0
44298006,71459887,1586131702476,3,6799.5,BTC-PERPETUAL,6803.51,sell,180.0
44298007,71459888,1586131702603,2,6798.0,BTC-PERPETUAL,6803.51,sell,1000.0
44298008,71459889,1586131702665,3,6798.0,BTC-PERPETUAL,6803.51,sell,10.0
44298009,71459890,1586131703251,0,6798.5,BTC-PERPETUAL,6800.13,buy,250.0
44298010,71459894,1586131704281,2,6797.0,BTC-PERPETUAL,6799.8,sell,190.0
44298011,71459895,1586131704281,3,6797.0,BTC-PERPETUAL,6799.8,sell,500.0
44298012,71459896,1586131704281,3,6797.0,BTC-PERPETUAL,6799.8,sell,140.0
44298013,71459897,1586131704282,3,6797.0,BTC-PERPETUAL,6799.8,sell,60.0
44298014,71459898,1586131704282,3,6797.0,BTC-PERPETUAL,6799.8,sell,250.0
44298015,71459899,1586131704493,2,6796.5,BTC-PERPETUAL,6799.8,sell,20.0
44298016,71459900,1586131704793,2,6796.0,BTC-PERPETUAL,6798.81,sell,460.0
44298017,71459901,1586131704793,3,6796.0,BTC-PERPETUAL,6798.81,sell,50.0
44298018,71459902,1586131704793,3,6796.0,BTC-PERPETUAL,6798.81,sell,10.0
44298019,71459903,1586131704932,2,6794.5,BTC-PERPETUAL,6798.81,sell,10.0
44298020,71459904,1586131706984,3,6794.5,BTC-PERPETUAL,6798.02,sell,10.0
44298021,71459905,1586131706984,3,6794.5,BTC-PERPETUAL,6798.02,sell,10.0
44298022,71459906,1586131706999,3,6794.5,BTC-PERPETUAL,6798.02,sell,20.0
44298023,71459907,1586131707001,3,6794.5,BTC-PERPETUAL,6798.02,sell,20.0
44298024,71459908,1586131707004,3,6794.5,BTC-PERPETUAL,6798.02,sell,20.0
44298025,71459918,1586131712754,0,6795.0,BTC-PERPETUAL,6797.19,buy,5000.0
44298026,71459919,1586131712754,1,6795.0,BTC-PERPETUAL,6797.19,buy,20.0
44298027,71459920,1586131712786,1,6795.0,BTC-PERPETUAL,6797.19,buy,10.0
44298028,71459921,1586131717369,0,6798.5,BTC-PERPETUAL,6799.29,sell,10.0
44298029,71459922,1586131717369,1,6798.5,BTC-PERPETUAL,6799.29,sell,250.0
44298030,71459923,1586131717369,1,6798.5,BTC-PERPETUAL,6799.29,sell,200.0
44298031,71459927,1586131742773,2,6797.0,BTC-PERPETUAL,6798.46,sell,6810.0
44298032,71459928,1586131743053,3,6797.0,BTC-PERPETUAL,6798.04,sell,10.0
44298033,71459929,1586131743053,3,6797.0,BTC-PERPETUAL,6798.04,sell,10.0
44298034,71459930,1586131743053,3,6797.0,BTC-PERPETUAL,6798.04,sell,7130.0
44298035,71459932,1586131743061,2,6796.5,BTC-PERPETUAL,6798.04,sell,130.0
44298036,71459933,1586131743061,3,6796.5,BTC-PERPETUAL,6798.04,sell,200.0
44298037,71459935,1586131743096,2,6796.0,BTC-PERPETUAL,6798.04,sell,420.0
44298038,71459937,1586131743128,3,6796.0,BTC-PERPETUAL,6798.04,sell,10.0
44298039,71459938,1586131743281,2,6795.5,BTC-PERPETUAL,6798.04,sell,6790.0
44298040,71459939,1586131743290,3,6795.5,BTC-PERPETUAL,6798.04,sell,1290.0
44298041,71459940,1586131743290,3,6795.5,BTC-PERPETUAL,6798.04,sell,7130.0
44298042,71459941,1586131743290,3,6795.5,BTC-PERPETUAL,6798.04,sell,10.0
44298043,71459942,1586131764908,2,6794.0,BTC-PERPETUAL,6794.07,buy,500.0
44298044,71459943,1586131772602,2,6793.5,BTC-PERPETUAL,6793.14,sell,20.0
44298045,71459944,1586131772602,3,6793.5,BTC-PERPETUAL,6793.14,sell,20.0
44298046,71459945,1586131772602,3,6793.5,BTC-PERPETUAL,6793.14,sell,10.0
44298047,71459946,1586131772602,3,6793.5,BTC-PERPETUAL,6793.14,sell,6740.0
44298048,71459947,1586131772609,3,6793.5,BTC-PERPETUAL,6793.14,sell,10.0
44298049,71459948,1586131772631,3,6793.5,BTC-PERPETUAL,6793.14,sell,380.0
44298050,71459949,1586131772631,2,6793.0,BTC-PERPETUAL,6793.14,sell,10.0
44298051,71459952,1586131795759,2,6792.5,BTC-PERPETUAL,6793.14,sell,10.0
44298052,71459953,1586131795759,3,6792.5,BTC-PERPETUAL,6793.14,sell,10.0
44298053,71459954,1586131795759,3,6792.5,BTC-PERPETUAL,6793.14,sell,10.0
44298054,71459955,1586131795759,3,6792.5,BTC-PERPETUAL,6793.14,sell,10.0
44298055,71459956,1586131795759,3,6792.5,BTC-PERPETUAL,6793.14,sell,510.0
44298056,71459957,1586131795759,3,6792.5,BTC-PERPETUAL,6793.14,sell,10.0
44298057,71459958,1586131795759,3,6792.5,BTC-PERPETUAL,6793.14,sell,200.0
44298058,71459959,1586131795759,2,6792.0,BTC-PERPETUAL,6793.14,sell,20.0
44298059,71459960,1586131795759,3,6792.0,BTC-PERPETUAL,6793.14,sell,6010.0
44298060,71459961,1586131795778,3,6792.0,BTC-PERPETUAL,6793.14,sell,5780.0
44298061,71459962,1586131795778,3,6792.0,BTC-PERPETUAL,6793.14,sell,1010.0
44298062,71459963,1586131795798,3,6792.0,BTC-PERPETUAL,6793.14,sell,6790.0
44298063,71459964,1586131795864,3,6792.0,BTC-PERPETUAL,6793.14,buy,10.0
44298064,71459966,1586131806758,2,6790.5,BTC-PERPETUAL,6790.14,sell,30.0
44298065,71459967,1586131806758,3,6790.5,BTC-PERPETUAL,6790.14,sell,10.0
44298066,71459968,1586131806758,3,6790.5,BTC-PERPETUAL,6790.14,sell,500.0
44298067,71459970,1586131807453,2,6790.0,BTC-PERPETUAL,6790.14,sell,10.0
44298068,71459971,1586131807453,3,6790.0,BTC-PERPETUAL,6790.14,sell,6780.0
44298069,71459972,1586131807462,3,6790.0,BTC-PERPETUAL,6790.14,sell,350.0
44298070,71459973,1586131807462,3,6790.0,BTC-PERPETUAL,6790.14,sell,10.0
44298071,71459974,1586131807462,3,6790.0,BTC-PERPETUAL,6790.14,sell,10.0
44298072,71459975,1586131809561,2,6789.5,BTC-PERPETUAL,6789.6,sell,20.0
44298073,71459976,1586131809561,3,6789.5,BTC-PERPETUAL,6789.6,sell,460.0
44298074,71459977,1586131809561,3,6789.5,BTC-PERPETUAL,6789.6,sell,50.0
44298075,71459978,1586131809561,3,6789.5,BTC-PERPETUAL,6789.6,sell,10.0
44298076,71459979,1586131809561,3,6789.5,BTC-PERPETUAL,6789.6,sell,5680.0
44298077,71459980,1586131827731,2,6789.0,BTC-PERPETUAL,6787.99,sell,10.0
44298078,71459981,1586131827731,3,6789.0,BTC-PERPETUAL,6787.99,sell,10.0
44298079,71459982,1586131827731,3,6789.0,BTC-PERPETUAL,6787.99,sell,50.0
44298080,71459983,1586131827731,3,6789.0,BTC-PERPETUAL,6787.99,sell,50.0
44298081,71459984,1586131827731,3,6789.0,BTC-PERPETUAL,6787.99,sell,10.0
44298082,71459985,1586131827731,3,6789.0,BTC-PERPETUAL,6787.99,sell,10.0
44298083,71459986,1586131827731,3,6789.0,BTC-PERPETUAL,6787.99,sell,50.0
44298084,71459987,1586131827731,3,6789.0,BTC-PERPETUAL,6787.99,sell,10.0
44298085,71459989,1586131828494,2,6788.5,BTC-PERPETUAL,6787.99,sell,320.0
44298086,71459990,1586131828494,3,6788.5,BTC-PERPETUAL,6787.99,sell,50.0
44298087,71459991,1586131828494,3,6788.5,BTC-PERPETUAL,6787.99,sell,50.0
44298088,71459992,1586131828494,3,6788.5,BTC-PERPETUAL,6787.99,sell,50.0
44298089,71459993,1586131828494,3,6788.5,BTC-PERPETUAL,6787.99,sell,50.0
44298090,71459994,1586131828494,3,6788.5,BTC-PERPETUAL,6787.99,sell,10.0
44298091,71459995,1586131828494,3,6788.5,BTC-PERPETUAL,6787.99,sell,50.0
44298092,71459996,1586131828494,3,6788.5,BTC-PERPETUAL,6787.99,sell,10.0
44298093,71459997,1586131829780,2,6788.0,BTC-PERPETUAL,6787.36,sell,50.0
44298094,71459998,1586131829780,3,6788.0,BTC-PERPETUAL,6787.36,sell,90.0
44298095,71459999,1586131829780,3,6788.0,BTC-PERPETUAL,6787.36,sell,10.0
44298096,71460000,1586131829780,3,6788.0,BTC-PERPETUAL,6787.36,sell,90.0
44298097,71460001,1586131829780,3,6788.0,BTC-PERPETUAL,6787.36,sell,30.0
44298098,71460002,1586131829780,3,6788.0,BTC-PERPETUAL,6787.36,sell,10.0
44298099,71460003,1586131829780,3,6788.0,BTC-PERPETUAL,6787.36,sell,10.0
44298100,71460004,1586131829780,3,6788.0,BTC-PERPETUAL,6787.36,sell,20.0
44298101,71460005,1586131829780,2,6787.5,BTC-PERPETUAL,6787.36,sell,100.0
44298102,71460006,1586131829780,3,6787.5,BTC-PERPETUAL,6787.36,sell,100.0
44298103,71460007,1586131829780,3,6787.5,BTC-PERPETUAL,6787.36,sell,10.0
44298104,71460008,1586131830761,2,6787.0,BTC-PERPETUAL,6787.3,sell,20.0
44298105,71460009,1586131830761,3,6787.0,BTC-PERPETUAL,6787.3,sell,300.0
44298106,71460010,1586131830761,3,6787.0,BTC-PERPETUAL,6787.3,sell,10.0
44298107,71460011,1586131830761,3,6787.0,BTC-PERPETUAL,6787.3,sell,10.0
44298108,71460012,1586131830761,3,6787.0,BTC-PERPETUAL,6787.3,sell,10.0
44298109,71460013,1586131830761,3,6787.0,BTC-PERPETUAL,6787.3,sell,10.0
44298110,71460014,1586131830761,3,6787.0,BTC-PERPETUAL,6787.3,sell,10.0
44298111,71460015,1586131830761,3,6787.0,BTC-PERPETUAL,6787.3,sell,20.0
44298112,71460016,1586131830761,3,6787.0,BTC-PERPETUAL,6787.3,sell,10.0
44298113,71460017,1586131831501,2,6786.5,BTC-PERPETUAL,6787.3,sell,10.0
44298114,71460018,1586131831767,3,6786.5,BTC-PERPETUAL,6787.24,sell,10.0
44298115,71460019,1586131831767,3,6786.5,BTC-PERPETUAL,6787.24,sell,10.0
44298116,71460020,1586131831767,3,6786.5,BTC-PERPETUAL,6787.24,sell,10.0
44298117,71460021,1586131831767,3,6786.5,BTC-PERPETUAL,6787.24,sell,10.0
44298118,71460022,1586131831767,3,6786.5,BTC-PERPETUAL,6787.24,sell,10.0
44298119,71460023,1586131832468,2,6786.0,BTC-PERPETUAL,6787.24,sell,20.0
44298120,71460024,1586131832468,3,6786.0,BTC-PERPETUAL,6787.24,sell,10.0
44298121,71460025,1586131832468,3,6786.0,BTC-PERPETUAL,6787.24,sell,10.0
44298122,71460026,1586131832468,2,6785.5,BTC-PERPETUAL,6787.24,sell,70.0
44298123,71460027,1586131832468,3,6785.5,BTC-PERPETUAL,6787.24,sell,1890.0
44298124,71460029,1586131841252,0,6786.0,BTC-PERPETUAL,6785.83,buy,130.0
44298125,71460030,1586131841252,1,6786.0,BTC-PERPETUAL,6785.83,buy,5000.0
44298126,71460031,1586131841252,1,6786.0,BTC-PERPETUAL,6785.83,buy,1260.0
44298127,71460032,1586131841391,1,6786.0,BTC-PERPETUAL,6785.83,buy,10.0
44298128,71460033,1586131842663,0,6787.5,BTC-PERPETUAL,6787.45,buy,50.0
44298129,71460034,1586131847792,1,6787.5,BTC-PERPETUAL,6789.25,buy,10.0
44298130,71460035,1586131870062,1,6787.5,BTC-PERPETUAL,6790.01,buy,800.0
44298131,71460036,1586131870062,1,6787.5,BTC-PERPETUAL,6790.01,buy,40.0
44298132,71460037,1586131870062,0,6788.5,BTC-PERPETUAL,6790.01,buy,19160.0
44298133,71460038,1586131880226,0,6789.5,BTC-PERPETUAL,6788.8,sell,30.0
44298134,71460039,1586131880226,1,6789.5,BTC-PERPETUAL,6788.8,sell,200.0
44298135,71460040,1586131880226,1,6789.5,BTC-PERPETUAL,6788.8,sell,30.0
44298136,71460041,1586131887792,2,6787.5,BTC-PERPETUAL,6787.27,buy,150.0
44298137,71460042,1586131887792,3,6787.5,BTC-PERPETUAL,6787.27,buy,30.0
44298138,71460043,1586131907814,3,6787.5,BTC-PERPETUAL,6787.46,buy,4990.0
44298139,71460045,1586131907857,3,6787.5,BTC-PERPETUAL,6787.46,buy,10.0
44298140,71460046,1586131907929,0,6788.5,BTC-PERPETUAL,6787.46,buy,420.0
44298141,71460047,1586131907929,1,6788.5,BTC-PERPETUAL,6787.46,buy,5000.0
44298142,71460048,1586131909159,0,6790.0,BTC-PERPETUAL,6789.57,buy,120.0
44298143,71460049,1586131909159,1,6790.0,BTC-PERPETUAL,6789.57,buy,50.0
44298144,71460050,1586131909159,1,6790.0,BTC-PERPETUAL,6789.57,buy,540.0
44298145,71460051,1586131910983,2,6789.5,BTC-PERPETUAL,6790.82,sell,500.0
44298146,71460052,1586131913515,0,6790.0,BTC-PERPETUAL,6791.36,buy,10.0
44298147,71460053,1586131913515,0,6790.5,BTC-PERPETUAL,6791.36,buy,40.0
44298148,71460057,1586131999273,1,6790.5,BTC-PERPETUAL,6791.8,buy,10.0
44298149,71460058,1586131999273,1,6790.5,BTC-PERPETUAL,6791.8,buy,470.0
44298150,71460059,1586131999273,1,6790.5,BTC-PERPETUAL,6791.8,buy,50.0
44298151,71460062,1586132012006,0,6792.0,BTC-PERPETUAL,6794.03,buy,20.0
44298152,71460065,1586132012111,0,6793.0,BTC-PERPETUAL,6794.03,buy,70.0
44298153,71460068,1586132025969,0,6794.0,BTC-PERPETUAL,6796.18,buy,10.0
44298154,71460069,1586132025969,1,6794.0,BTC-PERPETUAL,6796.18,buy,10.0
44298155,71460070,1586132025969,1,6794.0,BTC-PERPETUAL,6796.18,buy,20.0
44298156,71460071,1586132025969,1,6794.0,BTC-PERPETUAL,6796.18,buy,5000.0
44298157,71460072,1586132025969,1,6794.0,BTC-PERPETUAL,6796.18,buy,15900.0
44298158,71460073,1586132025969,1,6794.0,BTC-PERPETUAL,6796.18,buy,2000.0
44298159,71460074,1586132025969,0,6794.5,BTC-PERPETUAL,6796.18,buy,5000.0
44298160,71460075,1586132025969,1,6794.5,BTC-PERPETUAL,6796.18,buy,22060.0
44298161,71460076,1586132032348,0,6796.5,BTC-PERPETUAL,6796.99,buy,20.0
44298162,71460077,1586132032348,1,6796.5,BTC-PERPETUAL,6796.99,buy,10.0
44298163,71460078,1586132032348,1,6796.5,BTC-PERPETUAL,6796.99,buy,10.0
44298164,71460079,1586132032348,1,6796.5,BTC-PERPETUAL,6796.99,buy,10.0
44298165,71460080,1586132032348,1,6796.5,BTC-PERPETUAL,6796.99,buy,10.0
44298166,71460081,1586132032348,1,6796.5,BTC-PERPETUAL,6796.99,buy,30.0
44298167,71460082,1586132032348,0,6797.0,BTC-PERPETUAL,6796.99,buy,300.0
44298168,71460083,1586132032348,1,6797.0,BTC-PERPETUAL,6796.99,buy,10.0
44298169,71460084,1586132032348,1,6797.0,BTC-PERPETUAL,6796.99,buy,10.0
44298170,71460085,1586132032348,1,6797.0,BTC-PERPETUAL,6796.99,buy,10.0
44298171,71460086,1586132032348,1,6797.0,BTC-PERPETUAL,6796.99,buy,10.0
44298172,71460087,1586132032348,0,6797.5,BTC-PERPETUAL,6796.99,buy,10.0
44298173,71460088,1586132032348,0,6798.0,BTC-PERPETUAL,6796.99,buy,10.0
44298174,71460089,1586132032348,1,6798.0,BTC-PERPETUAL,6796.99,buy,10.0
44298175,71460090,1586132032348,1,6798.0,BTC-PERPETUAL,6796.99,buy,34030.0
44298176,71460091,1586132032348,0,6798.5,BTC-PERPETUAL,6796.99,buy,10.0
44298177,71460092,1586132032348,1,6798.5,BTC-PERPETUAL,6796.99,buy,10.0
44298178,71460093,1586132032348,1,6798.5,BTC-PERPETUAL,6796.99,buy,10.0
44298179,71460094,1586132032348,1,6798.5,BTC-PERPETUAL,6796.99,buy,10.0
44298180,71460095,1586132032348,1,6798.5,BTC-PERPETUAL,6796.99,buy,90.0
44298181,71460096,1586132032348,1,6798.5,BTC-PERPETUAL,6796.99,buy,90.0
44298182,71460097,1586132032348,1,6798.5,BTC-PERPETUAL,6796.99,buy,50.0
44298183,71460098,1586132032348,1,6798.5,BTC-PERPETUAL,6796.99,buy,460.0
44298184,71460099,1586132032348,1,6798.5,BTC-PERPETUAL,6796.99,buy,140.0
44298185,71460100,1586132032348,1,6798.5,BTC-PERPETUAL,6796.99,buy,3390.0
44298186,71460101,1586132032348,1,6798.5,BTC-PERPETUAL,6796.99,buy,130.0
44298187,71460102,1586132032348,0,6799.0,BTC-PERPETUAL,6796.99,buy,10.0
44298188,71460103,1586132032348,1,6799.0,BTC-PERPETUAL,6796.99,buy,10.0
44298189,71460104,1586132032348,1,6799.0,BTC-PERPETUAL,6796.99,buy,10.0
44298190,71460105,1586132032348,1,6799.0,BTC-PERPETUAL,6796.99,buy,10.0
44298191,71460106,1586132032348,1,6799.0,BTC-PERPETUAL,6796.99,buy,10.0
44298192,71460107,1586132032348,1,6799.0,BTC-PERPETUAL,6796.99,buy,10.0
44298193,71460108,1586132032348,1,6799.0,BTC-PERPETUAL,6796.99,buy,10.0
44298194,71460109,1586132032348,1,6799.0,BTC-PERPETUAL,6796.99,buy,50.0
44298195,71460110,1586132032348,1,6799.0,BTC-PERPETUAL,6796.99,buy,50.0
44298196,71460111,1586132032348,1,6799.0,BTC-PERPETUAL,6796.99,buy,90.0
44298197,71460112,1586132032348,1,6799.0,BTC-PERPETUAL,6796.99,buy,10.0
44298198,71460113,1586132032348,1,6799.0,BTC-PERPETUAL,6796.99,buy,140.0
44298199,71460114,1586132032348,1,6799.0,BTC-PERPETUAL,6796.99,buy,6790.0
44298200,71460115,1586132032348,1,6799.0,BTC-PERPETUAL,6796.99,buy,3920.0
44298201,71460117,1586132040753,2,6798.5,BTC-PERPETUAL,6798.86,sell,500.0
44298202,71460118,1586132040753,3,6798.5,BTC-PERPETUAL,6798.86,sell,250.0
44298203,71460119,1586132040753,3,6798.5,BTC-PERPETUAL,6798.86,sell,1800.0
44298204,71460120,1586132040753,3,6798.5,BTC-PERPETUAL,6798.86,sell,10.0
44298205,71460121,1586132040753,3,6798.5,BTC-PERPETUAL,6798.86,sell,30.0
44298206,71460122,1586132040753,3,6798.5,BTC-PERPETUAL,6798.86,sell,10.0
44298207,71460123,1586132040753,3,6798.5,BTC-PERPETUAL,6798.86,sell,20.0
44298208,71460124,1586132048840,2,6796.0,BTC-PERPETUAL,6796.04,sell,10.0
44298209,71460127,1586132062343,2,6795.5,BTC-PERPETUAL,6796.75,sell,1010.0
44298210,71460130,1586132073261,0,6796.0,BTC-PERPETUAL,6797.78,buy,30.0
44298211,71460131,1586132073261,1,6796.0,BTC-PERPETUAL,6797.78,buy,40.0
44298212,71460132,1586132073261,1,6796.0,BTC-PERPETUAL,6797.78,buy,100.0
44298213,71460133,1586132073261,0,6797.0,BTC-PERPETUAL,6797.78,buy,20.0
44298214,71460139,1586132109837,0,6798.0,BTC-PERPETUAL,6797.38,sell,60.0
44298215,71460140,1586132109837,1,6798.0,BTC-PERPETUAL,6797.38,sell,20.0
44298216,71460141,1586132109862,2,6797.0,BTC-PERPETUAL,6797.38,sell,10.0
44298217,71460142,1586132109885,2,6796.5,BTC-PERPETUAL,6797.38,sell,100.0
44298218,71460143,1586132109901,2,6796.0,BTC-PERPETUAL,6797.38,buy,10.0
44298219,71460147,1586132110315,2,6795.5,BTC-PERPETUAL,6797.38,buy,830.0
44298220,71460150,1586132165140,2,6795.0,BTC-PERPETUAL,6797.59,buy,40.0
44298221,71460151,1586132178482,0,6798.5,BTC-PERPETUAL,6797.9,sell,840.0
44298222,71460152,1586132178482,1,6798.5,BTC-PERPETUAL,6797.9,sell,90.0
44298223,71460153,1586132193711,2,6796.5,BTC-PERPETUAL,6798.52,buy,50.0
44298224,71460156,1586132203192,0,6799.5,BTC-PERPETUAL,6801.78,buy,460.0
44298225,71460157,1586132203192,1,6799.5,BTC-PERPETUAL,6801.78,buy,50.0
44298226,71460158,1586132203192,1,6799.5,BTC-PERPETUAL,6801.78,buy,20.0
44298227,71460159,1586132203192,0,6800.0,BTC-PERPETUAL,6801.78,buy,10.0
44298228,71460164,1586132232527,2,6799.5,BTC-PERPETUAL,6800.22,buy,2000.0
44298229,71460165,1586132232527,3,6799.5,BTC-PERPETUAL,6800.22,buy,90.0
44298230,71460166,1586132232527,3,6799.5,BTC-PERPETUAL,6800.22,buy,10.0
44298231,71460167,1586132232527,3,6799.5,BTC-PERPETUAL,6800.22,buy,590.0
44298232,71460170,1586132239493,0,6800.0,BTC-PERPETUAL,6801.46,sell,70.0
44298233,71460171,1586132239493,1,6800.0,BTC-PERPETUAL,6801.46,sell,10.0
44298234,71460173,1586132239555,2,6799.0,BTC-PERPETUAL,6801.46,sell,3420.0
44298235,71460174,1586132239605,3,6799.0,BTC-PERPETUAL,6801.46,sell,80.0
44298236,71460175,1586132239607,3,6799.0,BTC-PERPETUAL,6801.46,sell,410.0
44298237,71460177,1586132247664,0,6799.5,BTC-PERPETUAL,6800.92,buy,10.0
44298238,71460178,1586132247664,1,6799.5,BTC-PERPETUAL,6800.92,buy,2610.0
44298239,71460179,1586132247675,1,6799.5,BTC-PERPETUAL,6800.92,buy,2030.0
44298240,71460180,1586132247675,1,6799.5,BTC-PERPETUAL,6800.92,buy,360.0
44298241,71460181,1586132247829,0,6800.5,BTC-PERPETUAL,6800.92,buy,20.0
44298242,71460182,1586132247829,1,6800.5,BTC-PERPETUAL,6800.92,buy,20.0
44298243,71460183,1586132247829,1,6800.5,BTC-PERPETUAL,6800.92,buy,50.0
44298244,71460184,1586132247829,1,6800.5,BTC-PERPETUAL,6800.92,buy,470.0
44298245,71460186,1586132248087,0,6801.5,BTC-PERPETUAL,6800.92,buy,6800.0
44298246,71460187,1586132248106,1,6801.5,BTC-PERPETUAL,6800.92,buy,6800.0
44298247,71460188,1586132248121,1,6801.5,BTC-PERPETUAL,6800.92,buy,1500.0
44298248,71460189,1586132248121,1,6801.5,BTC-PERPETUAL,6800.92,buy,420.0
44298249,71460190,1586132248121,1,6801.5,BTC-PERPETUAL,6800.92,buy,3400.0
44298250,71460191,1586132248121,1,6801.5,BTC-PERPETUAL,6800.92,buy,10.0
44298251,71460192,1586132248121,0,6802.0,BTC-PERPETUAL,6800.92,buy,20.0
44298252,71460193,1586132248121,1,6802.0,BTC-PERPETUAL,6800.92,buy,300.0
44298253,71460194,1586132248259,0,6802.5,BTC-PERPETUAL,6800.92,buy,10.0
44298254,71460195,1586132248259,1,6802.5,BTC-PERPETUAL,6800.92,buy,10.0
44298255,71460196,1586132248259,1,6802.5,BTC-PERPETUAL,6800.92,buy,100.0
44298256,71460197,1586132248259,1,6802.5,BTC-PERPETUAL,6800.92,buy,100.0
44298257,71460198,1586132248259,1,6802.5,BTC-PERPETUAL,6800.92,buy,3520.0
44298258,71460199,1586132248310,1,6802.5,BTC-PERPETUAL,6800.92,buy,3280.0
44298259,71460200,1586132248310,1,6802.5,BTC-PERPETUAL,6800.92,buy,10.0
44298260,71460201,1586132248456,0,6803.0,BTC-PERPETUAL,6800.92,sell,1800.0
44298261,71460202,1586132248456,1,6803.0,BTC-PERPETUAL,6800.92,sell,1800.0
44298262,71460203,1586132248456,1,6803.0,BTC-PERPETUAL,6800.92,sell,280.0
44298263,71460204,1586132248456,1,6803.0,BTC-PERPETUAL,6800.92,sell,400.0
44298264,71460205,1586132248456,1,6803.0,BTC-PERPETUAL,6800.92,sell,500.0
44298265,71460206,1586132248456,1,6803.0,BTC-PERPETUAL,6800.92,sell,390.0
44298266,71460207,1586132248456,1,6803.0,BTC-PERPETUAL,6800.92,sell,1630.0
44298267,71460208,1586132249603,0,6803.5,BTC-PERPETUAL,6803.49,buy,20.0
44298268,71460209,1586132249603,1,6803.5,BTC-PERPETUAL,6803.49,buy,500.0
44298269,71460210,1586132249603,0,6804.0,BTC-PERPETUAL,6803.49,buy,2240.0
44298270,71460211,1586132249603,1,6804.0,BTC-PERPETUAL,6803.49,buy,50.0
44298271,71460212,1586132249603,1,6804.0,BTC-PERPETUAL,6803.49,buy,460.0
44298272,71460214,1586132250581,0,6804.5,BTC-PERPETUAL,6803.56,buy,100.0
44298273,71460215,1586132250581,1,6804.5,BTC-PERPETUAL,6803.56,buy,100.0
44298274,71460216,1586132250581,1,6804.5,BTC-PERPETUAL,6803.56,buy,4840.0
44298275,71460217,1586132251250,1,6804.5,BTC-PERPETUAL,6803.56,buy,7130.0
44298276,71460218,1586132251250,1,6804.5,BTC-PERPETUAL,6803.56,buy,10.0
44298277,71460219,1586132251250,1,6804.5,BTC-PERPETUAL,6803.56,buy,40.0
44298278,71460220,1586132251250,1,6804.5,BTC-PERPETUAL,6803.56,buy,280.0
44298279,71460221,1586132251250,1,6804.5,BTC-PERPETUAL,6803.56,buy,10.0
44298280,71460222,1586132251250,1,6804.5,BTC-PERPETUAL,6803.56,buy,5000.0
44298281,71460223,1586132260164,0,6805.5,BTC-PERPETUAL,6807.1,buy,50.0
44298282,71460224,1586132260164,1,6805.5,BTC-PERPETUAL,6807.1,buy,10.0
44298283,71460225,1586132260164,1,6805.5,BTC-PERPETUAL,6807.1,buy,510.0
44298284,71460226,1586132260164,0,6806.0,BTC-PERPETUAL,6807.1,buy,50.0
44298285,71460227,1586132260164,1,6806.0,BTC-PERPETUAL,6807.1,buy,10.0
44298286,71460228,1586132260164,1,6806.0,BTC-PERPETUAL,6807.1,buy,10.0
44298287,71460229,1586132260164,1,6806.0,BTC-PERPETUAL,6807.1,buy,460.0
44298288,71460230,1586132260164,1,6806.0,BTC-PERPETUAL,6807.1,buy,50.0
44298289,71460231,1586132260164,0,6807.0,BTC-PERPETUAL,6807.1,buy,450.0
44298290,71460232,1586132260164,1,6807.0,BTC-PERPETUAL,6807.1,buy,300.0
44298291,71460233,1586132260164,0,6807.5,BTC-PERPETUAL,6807.1,buy,450.0
44298292,71460234,1586132260164,1,6807.5,BTC-PERPETUAL,6807.1,buy,30.0
44298293,71460236,1586132260176,1,6807.5,BTC-PERPETUAL,6807.1,buy,20.0
44298294,71460237,1586132260176,1,6807.5,BTC-PERPETUAL,6807.1,buy,10.0
44298295,71460238,1586132260176,0,6808.0,BTC-PERPETUAL,6807.1,buy,450.0
44298296,71460239,1586132260176,1,6808.0,BTC-PERPETUAL,6807.1,buy,10.0
44298297,71460240,1586132260176,1,6808.0,BTC-PERPETUAL,6807.1,buy,110.0
44298298,71460241,1586132260176,1,6808.0,BTC-PERPETUAL,6807.1,buy,1540.0
44298299,71460242,1586132260810,1,6808.0,BTC-PERPETUAL,6808.61,buy,390.0
44298300,71460243,1586132260810,1,6808.0,BTC-PERPETUAL,6808.61,buy,280.0
44298301,71460244,1586132260810,1,6808.0,BTC-PERPETUAL,6808.61,buy,400.0
44298302,71460245,1586132260810,1,6808.0,BTC-PERPETUAL,6808.61,buy,1800.0
44298303,71460246,1586132260810,1,6808.0,BTC-PERPETUAL,6808.61,buy,1800.0
44298304,71460247,1586132260810,0,6809.5,BTC-PERPETUAL,6808.61,buy,7760.0
44298305,71460248,1586132274651,1,6809.5,BTC-PERPETUAL,6807.74,buy,500.0
44298306,71460249,1586132274651,1,6809.5,BTC-PERPETUAL,6807.74,buy,10.0
44298307,71460250,1586132274651,1,6809.5,BTC-PERPETUAL,6807.74,buy,2500.0
44298308,71460251,1586132274651,1,6809.5,BTC-PERPETUAL,6807.74,buy,1800.0
44298309,71460252,1586132274651,1,6809.5,BTC-PERPETUAL,6807.74,buy,1000.0
44298310,71460253,1586132274651,1,6809.5,BTC-PERPETUAL,6807.74,buy,2190.0
44298311,71460254,1586132279462,2,6809.0,BTC-PERPETUAL,6807.68,sell,160.0
44298312,71460255,1586132279462,3,6809.0,BTC-PERPETUAL,6807.68,sell,10.0
44298313,71460256,1586132279462,3,6809.0,BTC-PERPETUAL,6807.68,sell,500.0
44298314,71460257,1586132279462,3,6809.0,BTC-PERPETUAL,6807.68,sell,300.0
44298315,71460258,1586132279562,2,6807.5,BTC-PERPETUAL,6807.68,sell,850.0
44298316,71460259,1586132279816,3,6807.5,BTC-PERPETUAL,6807.12,sell,760.0
44298317,71460260,1586132280106,3,6807.5,BTC-PERPETUAL,6807.12,sell,1600.0
44298318,71460261,1586132280115,3,6807.5,BTC-PERPETUAL,6807.12,sell,3000.0
44298319,71460262,1586132280119,3,6807.5,BTC-PERPETUAL,6807.12,sell,450.0
44298320,71460264,1586132280122,3,6807.5,BTC-PERPETUAL,6807.12,sell,470.0
44298321,71460265,1586132280130,2,6807.0,BTC-PERPETUAL,6807.12,sell,10.0
44298322,71460266,1586132280130,2,6805.5,BTC-PERPETUAL,6807.12,sell,120.0
44298323,71460267,1586132280386,2,6804.5,BTC-PERPETUAL,6807.12,sell,10.0
44298324,71460268,1586132281433,2,6804.0,BTC-PERPETUAL,6805.64,sell,100.0
44298325,71460269,1586132281433,3,6804.0,BTC-PERPETUAL,6805.64,sell,70.0
44298326,71460270,1586132288200,0,6804.5,BTC-PERPETUAL,6804.41,buy,1800.0
44298327,71460271,1586132288200,1,6804.5,BTC-PERPETUAL,6804.41,buy,1800.0
44298328,71460272,1586132288200,1,6804.5,BTC-PERPETUAL,6804.41,buy,34010.0
44298329,71460273,1586132288200,1,6804.5,BTC-PERPETUAL,6804.41,buy,1800.0
44298330,71460274,1586132288200,1,6804.5,BTC-PERPETUAL,6804.41,buy,1800.0
44298331,71460275,1586132288200,1,6804.5,BTC-PERPETUAL,6804.41,buy,5000.0
44298332,71460276,1586132288200,1,6804.5,BTC-PERPETUAL,6804.41,buy,3790.0
44298333,71460277,1586132291640,0,6805.0,BTC-PERPETUAL,6804.89,buy,50.0
44298334,71460278,1586132309025,0,6806.0,BTC-PERPETUAL,6806.31,sell,1800.0
44298335,71460279,1586132309025,1,6806.0,BTC-PERPETUAL,6806.31,sell,520.0
44298336,71460280,1586132309027,1,6806.0,BTC-PERPETUAL,6806.31,sell,1280.0
44298337,71460281,1586132309027,1,6806.0,BTC-PERPETUAL,6806.31,sell,620.0
44298338,71460282,1586132309029,1,6806.0,BTC-PERPETUAL,6806.31,sell,1180.0
44298339,71460283,1586132309029,1,6806.0,BTC-PERPETUAL,6806.31,sell,30.0
44298340,71460284,1586132309029,1,6806.0,BTC-PERPETUAL,6806.31,sell,10.0
44298341,71460285,1586132309035,2,6805.5,BTC-PERPETUAL,6806.31,sell,1000.0
44298342,71460286,1586132309035,3,6805.5,BTC-PERPETUAL,6806.31,sell,10.0
44298343,71460287,1586132309035,2,6804.5,BTC-PERPETUAL,6806.31,sell,1000.0
44298344,71460288,1586132309035,2,6804.0,BTC-PERPETUAL,6806.31,sell,390.0
44298345,71460289,1586132309035,3,6804.0,BTC-PERPETUAL,6806.31,sell,990.0
44298346,71460290,1586132309038,3,6804.0,BTC-PERPETUAL,6806.31,sell,10.0
44298347,71460291,1586132309077,2,6802.5,BTC-PERPETUAL,6806.31,sell,1800.0
44298348,71460292,1586132309108,3,6802.5,BTC-PERPETUAL,6806.31,sell,10.0
44298349,71460293,1586132309108,3,6802.5,BTC-PERPETUAL,6806.31,sell,5320.0
44298350,71460294,1586132324825,2,6802.0,BTC-PERPETUAL,6804.02,buy,50.0
44298351,71460296,1586132348266,0,6805.0,BTC-PERPETUAL,6806.34,buy,750.0
44298352,71460297,1586132348266,0,6805.5,BTC-PERPETUAL,6806.34,buy,7130.0
44298353,71460298,1586132348266,0,6806.0,BTC-PERPETUAL,6806.34,buy,300.0
44298354,71460299,1586132350732,0,6806.5,BTC-PERPETUAL,6806.31,buy,7140.0
44298355,71460300,1586132350732,1,6806.5,BTC-PERPETUAL,6806.31,buy,1600.0
44298356,71460301,1586132350732,0,6807.0,BTC-PERPETUAL,6806.31,buy,8000.0
44298357,71460302,1586132350732,0,6807.5,BTC-PERPETUAL,6806.31,buy,80.0
44298358,71460304,1586132381963,0,6808.5,BTC-PERPETUAL,6808.19,sell,1480.0
44298359,71460305,1586132381970,1,6808.5,BTC-PERPETUAL,6808.19,sell,520.0
44298360,71460306,1586132381970,1,6808.5,BTC-PERPETUAL,6808.19,sell,10.0
44298361,71460307,1586132381970,1,6808.5,BTC-PERPETUAL,6808.19,sell,1390.0
44298362,71460308,1586132381989,1,6808.5,BTC-PERPETUAL,6808.19,sell,1480.0
44298363,71460309,1586132382003,1,6808.5,BTC-PERPETUAL,6808.19,sell,1710.0
44298364,71460310,1586132382007,1,6808.5,BTC-PERPETUAL,6808.19,sell,2220.0
44298365,71460311,1586132382007,1,6808.5,BTC-PERPETUAL,6808.19,sell,250.0
44298366,71460312,1586132382036,2,6808.0,BTC-PERPETUAL,6808.19,sell,3000.0
44298367,71460313,1586132382037,3,6808.0,BTC-PERPETUAL,6808.19,sell,400.0
44298368,71460314,1586132382037,3,6808.0,BTC-PERPETUAL,6808.19,sell,10.0
44298369,71460315,1586132383508,2,6806.5,BTC-PERPETUAL,6807.41,buy,500.0
44298370,71460316,1586132383508,3,6806.5,BTC-PERPETUAL,6807.41,buy,6220.0
44298371,71460317,1586132383549,3,6806.5,BTC-PERPETUAL,6807.41,buy,1000.0
44298372,71460318,1586132383549,3,6806.5,BTC-PERPETUAL,6807.41,buy,360.0
44298373,71460319,1586132383554,3,6806.5,BTC-PERPETUAL,6807.41,buy,2020.0
44298374,71460320,1586132383570,3,6806.5,BTC-PERPETUAL,6807.41,buy,2620.0
44298375,71460321,1586132383597,0,6807.0,BTC-PERPETUAL,6807.41,buy,1000.0
44298376,71460322,1586132383638,0,6808.0,BTC-PERPETUAL,6807.41,buy,1500.0
44298377,71460323,1586132383641,1,6808.0,BTC-PERPETUAL,6807.41,buy,250.0
44298378,71460324,1586132383746,1,6808.0,BTC-PERPETUAL,6807.41,buy,500.0
44298379,71460325,1586132383777,1,6808.0,BTC-PERPETUAL,6807.41,buy,1530.0
44298380,71460326,1586132383777,0,6808.5,BTC-PERPETUAL,6807.41,buy,470.0
44298381,71460327,1586132383801,1,6808.5,BTC-PERPETUAL,6807.41,buy,1560.0
44298382,71460328,1586132383832,0,6809.0,BTC-PERPETUAL,6807.41,buy,30.0
44298383,71460329,1586132383905,1,6809.0,BTC-PERPETUAL,6807.41,buy,430.0
44298384,71460330,1586132383905,1,6809.0,BTC-PERPETUAL,6807.41,buy,50.0
44298385,71460331,1586132383905,0,6809.5,BTC-PERPETUAL,6807.41,buy,100.0
44298386,71460332,1586132383905,1,6809.5,BTC-PERPETUAL,6807.41,buy,3220.0
44298387,71460333,1586132383949,1,6809.5,BTC-PERPETUAL,6807.41,buy,1820.0
44298388,71460334,1586132383952,1,6809.5,BTC-PERPETUAL,6807.41,buy,1580.0
44298389,71460335,1586132383952,1,6809.5,BTC-PERPETUAL,6807.41,buy,120.0
44298390,71460337,1586132384356,0,6810.0,BTC-PERPETUAL,6807.41,buy,10.0
44298391,71460338,1586132384356,1,6810.0,BTC-PERPETUAL,6807.41,buy,10.0
44298392,71460339,1586132384356,1,6810.0,BTC-PERPETUAL,6807.41,buy,10.0
44298393,71460340,1586132384356,1,6810.0,BTC-PERPETUAL,6807.41,buy,10.0
44298394,71460341,1586132384356,1,6810.0,BTC-PERPETUAL,6807.41,buy,3000.0
44298395,71460342,1586132384356,1,6810.0,BTC-PERPETUAL,6807.41,buy,10.0
44298396,71460343,1586132384356,1,6810.0,BTC-PERPETUAL,6807.41,buy,3760.0
44298397,71460344,1586132384368,1,6810.0,BTC-PERPETUAL,6807.41,buy,3050.0
44298398,71460345,1586132384368,1,6810.0,BTC-PERPETUAL,6807.41,buy,3760.0
44298399,71460346,1586132384437,1,6810.0,BTC-PERPETUAL,6807.41,buy,1550.0
44298400,71460347,1586132384729,1,6810.0,BTC-PERPETUAL,6809.73,buy,3680.0
44298401,71460348,1586132384731,1,6810.0,BTC-PERPETUAL,6809.73,buy,1910.0
44298402,71460349,1586132384731,1,6810.0,BTC-PERPETUAL,6809.73,buy,3400.0
44298403,71460350,1586132384755,0,6810.5,BTC-PERPETUAL,6809.73,buy,1130.0
44298404,71460351,1586132384758,1,6810.5,BTC-PERPETUAL,6809.73,buy,14370.0
44298405,71460352,1586132384760,1,6810.5,BTC-PERPETUAL,6809.73,buy,1650.0
44298406,71460353,1586132384771,1,6810.5,BTC-PERPETUAL,6809.73,buy,2310.0
44298407,71460354,1586132384782,1,6810.5,BTC-PERPETUAL,6809.73,buy,1720.0
44298408,71460361,1586132385207,1,6810.5,BTC-PERPETUAL,6809.73,buy,9120.0
44298409,71460363,1586132385273,1,6810.5,BTC-PERPETUAL,6809.73,buy,10700.0
44298410,71460364,1586132385275,1,6810.5,BTC-PERPETUAL,6809.73,buy,7500.0
44298411,71460365,1586132385293,1,6810.5,BTC-PERPETUAL,6809.73,buy,4200.0
44298412,71460366,1586132385295,1,6810.5,BTC-PERPETUAL,6809.73,buy,4100.0
44298413,71460367,1586132385300,1,6810.5,BTC-PERPETUAL,6809.73,buy,100.0
44298414,71460368,1586132385322,1,6810.5,BTC-PERPETUAL,6809.73,buy,1480.0
44298415,71460372,1586132385345,1,6810.5,BTC-PERPETUAL,6809.73,buy,500.0
44298416,71460373,1586132385372,0,6811.0,BTC-PERPETUAL,6809.73,buy,50.0
44298417,71460374,1586132385372,1,6811.0,BTC-PERPETUAL,6809.73,buy,6760.0
44298418,71460375,1586132385381,1,6811.0,BTC-PERPETUAL,6809.73,buy,1240.0
44298419,71460376,1586132385651,0,6811.5,BTC-PERPETUAL,6810.54,buy,10.0
44298420,71460377,1586132385651,1,6811.5,BTC-PERPETUAL,6810.54,buy,1000.0
44298421,71460378,1586132385651,1,6811.5,BTC-PERPETUAL,6810.54,buy,4030.0
44298422,71460380,1586132385700,1,6811.5,BTC-PERPETUAL,6810.54,buy,940.0
44298423,71460388,1586132386829,0,6812.0,BTC-PERPETUAL,6811.49,buy,20.0
44298424,71460389,1586132386829,1,6812.0,BTC-PERPETUAL,6811.49,buy,10680.0
44298425,71460390,1586132387325,1,6812.0,BTC-PERPETUAL,6811.49,buy,1630.0
44298426,71460391,1586132387985,1,6812.0,BTC-PERPETUAL,6811.75,buy,1630.0
44298427,71460392,1586132388252,1,6812.0,BTC-PERPETUAL,6811.75,buy,1630.0
44298428,71460393,1586132388422,2,6811.5,BTC-PERPETUAL,6811.75,sell,500.0
44298429,71460394,1586132388464,0,6812.0,BTC-PERPETUAL,6811.75,buy,2100.0
44298430,71460395,1586132388507,1,6812.0,BTC-PERPETUAL,6811.75,buy,2790.0
44298431,71460396,1586132388520,1,6812.0,BTC-PERPETUAL,6811.75,buy,1630.0
44298432,71460397,1586132388548,1,6812.0,BTC-PERPETUAL,6812.11,buy,1690.0
44298433,71460398,1586132388551,1,6812.0,BTC-PERPETUAL,6812.11,buy,5180.0
44298434,71460399,1586132388553,1,6812.0,BTC-PERPETUAL,6812.11,buy,1950.0
44298435,71460400,1586132388644,2,6811.5,BTC-PERPETUAL,6812.11,sell,500.0
44298436,71460401,1586132389038,0,6812.0,BTC-PERPETUAL,6812.11,buy,1630.0
44298437,71460402,1586132389394,1,6812.0,BTC-PERPETUAL,6812.11,buy,1630.0
44298438,71460403,1586132389704,1,6812.0,BTC-PERPETUAL,6812.27,buy,1630.0
44298439,71460404,1586132390088,1,6812.0,BTC-PERPETUAL,6812.27,buy,1630.0
44298440,71460405,1586132393228,2,6811.5,BTC-PERPETUAL,6814.19,sell,2760.0
44298441,71460406,1586132393228,3,6811.5,BTC-PERPETUAL,6814.19,sell,500.0
44298442,71460407,1586132393228,3,6811.5,BTC-PERPETUAL,6814.19,sell,1800.0
44298443,71460408,1586132393228,3,6811.5,BTC-PERPETUAL,6814.19,sell,810.0
44298444,71460409,1586132393236,0,6812.0,BTC-PERPETUAL,6814.19,buy,4000.0
44298445,71460410,1586132393252,2,6811.5,BTC-PERPETUAL,6814.19,sell,990.0
44298446,71460411,1586132393252,3,6811.5,BTC-PERPETUAL,6814.19,sell,10.0
44298447,71460412,1586132393252,3,6811.5,BTC-PERPETUAL,6814.19,sell,4870.0
44298448,71460413,1586132393277,3,6811.5,BTC-PERPETUAL,6814.19,sell,5870.0
44298449,71460415,1586132393906,3,6811.5,BTC-PERPETUAL,6812.94,sell,2500.0
44298450,71460416,1586132393906,3,6811.5,BTC-PERPETUAL,6812.94,sell,1800.0
44298451,71460417,1586132393906,3,6811.5,BTC-PERPETUAL,6812.94,sell,200.0
44298452,71460418,1586132393906,3,6811.5,BTC-PERPETUAL,6812.94,sell,120.0
44298453,71460419,1586132393906,3,6811.5,BTC-PERPETUAL,6812.94,sell,10.0
44298454,71460420,1586132393906,3,6811.5,BTC-PERPETUAL,6812.94,sell,1130.0
44298455,71460421,1586132393932,3,6811.5,BTC-PERPETUAL,6812.94,sell,670.0
44298456,71460422,1586132393932,3,6811.5,BTC-PERPETUAL,6812.94,sell,4730.0
44298457,71460423,1586132394432,3,6811.5,BTC-PERPETUAL,6812.94,sell,50.0
44298458,71460424,1586132406386,0,6812.0,BTC-PERPETUAL,6813.48,buy,108410.0
44298459,71460425,1586132406386,1,6812.0,BTC-PERPETUAL,6813.48,buy,1800.0
44298460,71460426,1586132406386,1,6812.0,BTC-PERPETUAL,6813.48,buy,510.0
44298461,71460427,1586132406386,1,6812.0,BTC-PERPETUAL,6813.48,buy,5450.0
44298462,71460428,1586132406386,0,6812.5,BTC-PERPETUAL,6813.48,buy,40.0
44298463,71460429,1586132406386,1,6812.5,BTC-PERPETUAL,6813.48,buy,40.0
44298464,71460430,1586132406386,1,6812.5,BTC-PERPETUAL,6813.48,buy,5000.0
44298465,71460431,1586132406386,1,6812.5,BTC-PERPETUAL,6813.48,buy,110.0
44298466,71460432,1586132406386,0,6813.0,BTC-PERPETUAL,6813.48,buy,1000.0
44298467,71460433,1586132406386,1,6813.0,BTC-PERPETUAL,6813.48,buy,34060.0
44298468,71460434,1586132406386,1,6813.0,BTC-PERPETUAL,6813.48,buy,1560.0
44298469,71460435,1586132406386,0,6814.0,BTC-PERPETUAL,6813.48,buy,40.0
44298470,71460436,1586132406386,1,6814.0,BTC-PERPETUAL,6813.48,buy,40.0
44298471,71460437,1586132406386,1,6814.0,BTC-PERPETUAL,6813.48,buy,50.0
44298472,71460438,1586132406386,1,6814.0,BTC-PERPETUAL,6813.48,buy,460.0
44298473,71460439,1586132406386,0,6814.5,BTC-PERPETUAL,6813.48,buy,440.0
44298474,71460440,1586132406386,1,6814.5,BTC-PERPETUAL,6813.48,buy,50.0
44298475,71460441,1586132406386,1,6814.5,BTC-PERPETUAL,6813.48,buy,200.0
44298476,71460442,1586132406386,1,6814.5,BTC-PERPETUAL,6813.48,buy,40.0
44298477,71460443,1586132406386,1,6814.5,BTC-PERPETUAL,6813.48,buy,40.0
44298478,71460444,1586132406386,0,6815.0,BTC-PERPETUAL,6813.48,buy,10.0
44298479,71460445,1586132406386,1,6815.0,BTC-PERPETUAL,6813.48,buy,2240.0
44298480,71460446,1586132406386,1,6815.0,BTC-PERPETUAL,6813.48,buy,40.0
44298481,71460447,1586132406386,1,6815.0,BTC-PERPETUAL,6813.48,buy,30.0
44298482,71460448,1586132406386,1,6815.0,BTC-PERPETUAL,6813.48,buy,40.0
44298483,71460449,1586132406386,1,6815.0,BTC-PERPETUAL,6813.48,buy,40.0
44298484,71460450,1586132406386,1,6815.0,BTC-PERPETUAL,6813.48,buy,130.0
44298485,71460451,1586132406386,0,6815.5,BTC-PERPETUAL,6813.48,buy,7140.0
44298486,71460452,1586132406386,0,6816.0,BTC-PERPETUAL,6813.48,buy,20.0
44298487,71460453,1586132406386,1,6816.0,BTC-PERPETUAL,6813.48,buy,20.0
44298488,71460454,1586132406386,1,6816.0,BTC-PERPETUAL,6813.48,buy,200.0
44298489,71460455,1586132406386,1,6816.0,BTC-PERPETUAL,6813.48,buy,300.0
44298490,71460456,1586132406386,1,6816.0,BTC-PERPETUAL,6813.48,buy,3400.0
44298491,71460457,1586132406386,1,6816.0,BTC-PERPETUAL,6813.48,buy,1800.0
44298492,71460458,1586132406386,0,6816.5,BTC-PERPETUAL,6813.48,buy,100.0
44298493,71460459,1586132406386,1,6816.5,BTC-PERPETUAL,6813.48,buy,50.0
