trade_seq,trade_id,timestamp,tick_direction,price,instrument_name,index_price,direction,amount
46635808,74579264,1588291200277,2,8627.0,BTC-PERPETUAL,8628.91,sell,10.0
46635809,74579265,1588291200277,3,8627.0,BTC-PERPETUAL,8628.91,sell,10.0
46635810,74579266,1588291200277,3,8627.0,BTC-PERPETUAL,8628.91,sell,10.0
46635811,74579267,1588291200277,3,8627.0,BTC-PERPETUAL,8628.91,sell,240.0
46635812,74579268,1588291200277,3,8627.0,BTC-PERPETUAL,8628.91,sell,100.0
46635813,74579269,1588291200300,2,8626.5,BTC-PERPETUAL,8628.91,sell,70.0
46635814,74579270,1588291200565,3,8626.5,BTC-PERPETUAL,8628.91,sell,50.0
46635815,74579271,1588291201317,3,8626.5,BTC-PERPETUAL,8626.77,sell,50.0
46635816,74579273,1588291201853,3,8626.5,BTC-PERPETUAL,8626.37,sell,70.0
46635817,74579274,1588291202235,3,8626.5,BTC-PERPETUAL,8626.37,sell,10.0
46635818,74579275,1588291202235,3,8626.5,BTC-PERPETUAL,8626.37,sell,40.0
46635819,74579277,1588291204788,0,8627.0,BTC-PERPETUAL,8625.79,buy,370.0
46635820,74579278,1588291205589,1,8627.0,BTC-PERPETUAL,8624.79,buy,1000.0
46635821,74579279,1588291205907,2,8626.5,BTC-PERPETUAL,8624.66,sell,10.0
46635822,74579280,1588291205907,3,8626.5,BTC-PERPETUAL,8624.66,sell,1200.0
46635823,74579281,1588291205909,3,8626.5,BTC-PERPETUAL,8624.66,sell,1620.0
46635824,74579282,1588291205912,3,8626.5,BTC-PERPETUAL,8624.66,sell,4350.0
46635825,74579283,1588291205912,3,8626.5,BTC-PERPETUAL,8624.66,sell,5230.0
46635826,74579284,1588291205912,3,8626.5,BTC-PERPETUAL,8624.66,sell,250.0
46635827,74579285,1588291205912,3,8626.5,BTC-PERPETUAL,8624.66,sell,20.0
46635828,74579286,1588291205912,3,8626.5,BTC-PERPETUAL,8624.66,sell,20.0
46635829,74579287,1588291205912,3,8626.5,BTC-PERPETUAL,8624.66,sell,250.0
46635830,74579288,1588291205912,3,8626.5,BTC-PERPETUAL,8624.66,sell,560.0
46635831,74579289,1588291205912,3,8626.5,BTC-PERPETUAL,8624.66,sell,20.0
46635832,74579290,1588291205912,3,8626.5,BTC-PERPETUAL,8624.66,sell,100.0
46635833,74579291,1588291205912,3,8626.5,BTC-PERPETUAL,8624.66,sell,100.0
46635834,74579292,1588291205912,3,8626.5,BTC-PERPETUAL,8624.66,sell,1770.0
46635835,74579293,1588291205913,3,8626.5,BTC-PERPETUAL,8624.66,sell,180.0
46635836,74579294,1588291205913,3,8626.5,BTC-PERPETUAL,8624.66,sell,30.0
46635837,74579295,1588291205913,3,8626.5,BTC-PERPETUAL,8624.66,sell,260.0
46635838,74579296,1588291205915,3,8626.5,BTC-PERPETUAL,8624.66,sell,110.0
46635839,74579297,1588291205915,3,8626.5,BTC-PERPETUAL,8624.66,sell,770.0
46635840,74579298,1588291205917,3,8626.5,BTC-PERPETUAL,8624.66,sell,230.0
46635841,74579299,1588291205917,2,8626.0,BTC-PERPETUAL,8624.66,sell,10.0
46635842,74579300,1588291205917,3,8626.0,BTC-PERPETUAL,8624.66,sell,30.0
46635843,74579301,1588291205948,2,8625.5,BTC-PERPETUAL,8624.66,sell,50.0
46635844,74579302,1588291205948,3,8625.5,BTC-PERPETUAL,8624.66,sell,10.0
46635845,74579303,1588291207347,3,8625.5,BTC-PERPETUAL,8624.4,buy,2000.0
46635846,74579304,1588291207347,3,8625.5,BTC-PERPETUAL,8624.4,buy,500.0
46635847,74579305,1588291207347,3,8625.5,BTC-PERPETUAL,8624.4,buy,5000.0
46635848,74579306,1588291207347,3,8625.5,BTC-PERPETUAL,8624.4,buy,4000.0
46635849,74579307,1588291207347,3,8625.5,BTC-PERPETUAL,8624.4,buy,2000.0
46635850,74579308,1588291207347,3,8625.5,BTC-PERPETUAL,8624.4,buy,170.0
46635851,74579309,1588291207347,3,8625.5,BTC-PERPETUAL,8624.4,buy,1500.0
46635852,74579310,1588291207347,3,8625.5,BTC-PERPETUAL,8624.4,buy,1400.0
46635853,74579311,1588291207347,3,8625.5,BTC-PERPETUAL,8624.4,buy,1000.0
46635854,74579312,1588291207347,3,8625.5,BTC-PERPETUAL,8624.4,buy,1400.0
46635855,74579313,1588291207347,3,8625.5,BTC-PERPETUAL,8624.4,buy,250.0
46635856,74579314,1588291207347,3,8625.5,BTC-PERPETUAL,8624.4,buy,20.0
46635857,74579317,1588291207375,0,8626.0,BTC-PERPETUAL,8624.4,buy,18030.0
46635858,74579318,1588291207377,0,8626.5,BTC-PERPETUAL,8624.4,buy,17240.0
46635859,74579319,1588291207377,1,8626.5,BTC-PERPETUAL,8624.4,buy,250.0
46635860,74579320,1588291207384,0,8627.0,BTC-PERPETUAL,8624.4,buy,5000.0
46635861,74579321,1588291207384,1,8627.0,BTC-PERPETUAL,8624.4,buy,20.0
46635862,74579322,1588291207384,1,8627.0,BTC-PERPETUAL,8624.4,buy,200.0
46635863,74579323,1588291207396,0,8627.5,BTC-PERPETUAL,8624.4,buy,45000.0
46635864,74579324,1588291207396,1,8627.5,BTC-PERPETUAL,8624.4,buy,4310.0
46635865,74579325,1588291207396,1,8627.5,BTC-PERPETUAL,8624.4,buy,8620.0
46635866,74579328,1588291207677,0,8628.5,BTC-PERPETUAL,8624.4,buy,250.0
46635867,74579329,1588291207677,1,8628.5,BTC-PERPETUAL,8624.4,buy,20.0
46635868,74579330,1588291207677,1,8628.5,BTC-PERPETUAL,8624.4,buy,580.0
46635869,74579331,1588291207677,1,8628.5,BTC-PERPETUAL,8624.4,buy,780.0
46635870,74579332,1588291207677,1,8628.5,BTC-PERPETUAL,8624.4,buy,950.0
46635871,74579333,1588291207677,0,8629.0,BTC-PERPETUAL,8624.4,buy,10.0
46635872,74579334,1588291207677,1,8629.0,BTC-PERPETUAL,8624.4,buy,10.0
46635873,74579335,1588291207677,1,8629.0,BTC-PERPETUAL,8624.4,buy,7400.0
46635874,74579336,1588291207723,1,8629.0,BTC-PERPETUAL,8624.4,buy,1220.0
46635875,74579337,1588291207723,1,8629.0,BTC-PERPETUAL,8624.4,buy,5000.0
46635876,74579338,1588291207723,0,8630.5,BTC-PERPETUAL,8624.4,buy,4140.0
46635877,74579345,1588291212747,2,8630.0,BTC-PERPETUAL,8626.72,sell,2000.0
46635878,74579346,1588291212747,3,8630.0,BTC-PERPETUAL,8626.72,sell,290.0
46635879,74579347,1588291212750,3,8630.0,BTC-PERPETUAL,8626.72,sell,2290.0
46635880,74579348,1588291212757,3,8630.0,BTC-PERPETUAL,8626.72,sell,1420.0
46635881,74579349,1588291212757,3,8630.0,BTC-PERPETUAL,8626.72,sell,100.0
46635882,74579350,1588291212757,3,8630.0,BTC-PERPETUAL,8626.72,sell,10.0
46635883,74579351,1588291212757,3,8630.0,BTC-PERPETUAL,8626.72,sell,760.0
46635884,74579352,1588291212762,3,8630.0,BTC-PERPETUAL,8626.72,sell,740.0
46635885,74579353,1588291212762,3,8630.0,BTC-PERPETUAL,8626.72,sell,10.0
46635886,74579354,1588291214880,2,8628.5,BTC-PERPETUAL,8626.75,buy,1500.0
46635887,74579358,1588291220911,3,8628.5,BTC-PERPETUAL,8626.3,buy,600.0
46635888,74579359,1588291220911,3,8628.5,BTC-PERPETUAL,8626.3,buy,170.0
46635889,74579360,1588291220911,3,8628.5,BTC-PERPETUAL,8626.3,buy,20.0
46635890,74579361,1588291220911,3,8628.5,BTC-PERPETUAL,8626.3,buy,10.0
46635891,74579362,1588291220911,3,8628.5,BTC-PERPETUAL,8626.3,buy,17250.0
46635892,74579363,1588291220911,3,8628.5,BTC-PERPETUAL,8626.3,buy,10000.0
46635893,74579364,1588291220970,0,8630.0,BTC-PERPETUAL,8626.93,buy,2400.0
46635894,74579366,1588291221832,1,8630.0,BTC-PERPETUAL,8626.93,buy,20.0
46635895,74579367,1588291221836,0,8630.5,BTC-PERPETUAL,8626.93,buy,10.0
46635896,74579368,1588291221836,1,8630.5,BTC-PERPETUAL,8626.93,buy,10.0
46635897,74579369,1588291221848,1,8630.5,BTC-PERPETUAL,8626.93,buy,90.0
46635898,74579370,1588291221859,0,8631.0,BTC-PERPETUAL,8626.93,buy,1130.0
46635899,74579372,1588291222007,1,8631.0,BTC-PERPETUAL,8628.82,buy,5770.0
46635900,74579373,1588291222764,0,8632.0,BTC-PERPETUAL,8628.82,buy,1550.0
46635901,74579376,1588291234543,0,8633.0,BTC-PERPETUAL,8632.46,buy,20.0
46635902,74579377,1588291234543,1,8633.0,BTC-PERPETUAL,8632.46,buy,20.0
46635903,74579378,1588291234543,1,8633.0,BTC-PERPETUAL,8632.46,buy,100.0
46635904,74579379,1588291234543,1,8633.0,BTC-PERPETUAL,8632.46,buy,10.0
46635905,74579380,1588291234568,0,8634.5,BTC-PERPETUAL,8632.46,buy,10.0
46635906,74579381,1588291234568,1,8634.5,BTC-PERPETUAL,8632.46,buy,10.0
46635907,74579382,1588291234568,1,8634.5,BTC-PERPETUAL,8632.46,buy,40.0
46635908,74579383,1588291234568,1,8634.5,BTC-PERPETUAL,8632.46,buy,10.0
46635909,74579384,1588291234568,1,8634.5,BTC-PERPETUAL,8632.46,buy,80.0
46635910,74579386,1588291234713,0,8635.0,BTC-PERPETUAL,8632.46,buy,20.0
46635911,74579387,1588291234726,0,8635.5,BTC-PERPETUAL,8632.46,buy,10.0
46635912,74579388,1588291234726,1,8635.5,BTC-PERPETUAL,8632.46,buy,10.0
46635913,74579389,1588291234726,1,8635.5,BTC-PERPETUAL,8632.46,buy,10.0
46635914,74579390,1588291234726,1,8635.5,BTC-PERPETUAL,8632.46,buy,120.0
46635915,74579391,1588291234726,1,8635.5,BTC-PERPETUAL,8632.46,buy,120.0
46635916,74579393,1588291234734,0,8636.5,BTC-PERPETUAL,8632.46,buy,10.0
46635917,74579394,1588291234734,1,8636.5,BTC-PERPETUAL,8632.46,buy,1000.0
46635918,74579395,1588291234734,1,8636.5,BTC-PERPETUAL,8632.46,buy,50.0
46635919,74579396,1588291234734,1,8636.5,BTC-PERPETUAL,8632.46,buy,50.0
46635920,74579397,1588291234734,1,8636.5,BTC-PERPETUAL,8632.46,buy,6030.0
46635921,74579398,1588291234751,1,8636.5,BTC-PERPETUAL,8632.46,buy,8050.0
46635922,74579399,1588291234752,1,8636.5,BTC-PERPETUAL,8632.46,buy,7100.0
46635923,74579400,1588291234754,1,8636.5,BTC-PERPETUAL,8632.46,buy,700.0
46635924,74579401,1588291234764,1,8636.5,BTC-PERPETUAL,8632.46,buy,2100.0
46635925,74579402,1588291234767,1,8636.5,BTC-PERPETUAL,8632.46,buy,7800.0
46635926,74579403,1588291234769,1,8636.5,BTC-PERPETUAL,8632.46,buy,2200.0
46635927,74579404,1588291236152,1,8636.5,BTC-PERPETUAL,8635.42,buy,4300.0
46635928,74579405,1588291236153,1,8636.5,BTC-PERPETUAL,8635.42,buy,4300.0
46635929,74579406,1588291236154,1,8636.5,BTC-PERPETUAL,8635.42,buy,100.0
46635930,74579407,1588291236155,1,8636.5,BTC-PERPETUAL,8635.42,buy,3350.0
46635931,74579408,1588291236155,1,8636.5,BTC-PERPETUAL,8635.42,buy,1710.0
46635932,74579409,1588291236155,1,8636.5,BTC-PERPETUAL,8635.42,buy,440.0
46635933,74579410,1588291236158,1,8636.5,BTC-PERPETUAL,8635.42,buy,1110.0
46635934,74579411,1588291236355,0,8637.0,BTC-PERPETUAL,8635.42,buy,10.0
46635935,74579412,1588291236355,1,8637.0,BTC-PERPETUAL,8635.42,buy,10.0
46635936,74579413,1588291237081,0,8638.5,BTC-PERPETUAL,8636.02,buy,10.0
46635937,74579414,1588291237081,1,8638.5,BTC-PERPETUAL,8636.02,buy,30.0
46635938,74579415,1588291237081,1,8638.5,BTC-PERPETUAL,8636.02,buy,30.0
46635939,74579418,1588291237623,1,8638.5,BTC-PERPETUAL,8636.02,buy,70.0
46635940,74579419,1588291238313,0,8640.0,BTC-PERPETUAL,8637.04,buy,10.0
46635941,74579420,1588291238313,1,8640.0,BTC-PERPETUAL,8637.04,buy,360.0
46635942,74579421,1588291241203,0,8641.5,BTC-PERPETUAL,8639.58,buy,16770.0
46635943,74579422,1588291242580,1,8641.5,BTC-PERPETUAL,8640.99,buy,100.0
46635944,74579424,1588291243164,0,8643.0,BTC-PERPETUAL,8641.45,buy,10.0
46635945,74579425,1588291243164,0,8643.5,BTC-PERPETUAL,8641.45,buy,100.0
46635946,74579426,1588291243164,1,8643.5,BTC-PERPETUAL,8641.45,buy,110.0
46635947,74579427,1588291243164,0,8644.5,BTC-PERPETUAL,8641.45,buy,30.0
46635948,74579428,1588291243164,1,8644.5,BTC-PERPETUAL,8641.45,buy,10.0
46635949,74579429,1588291243164,0,8645.5,BTC-PERPETUAL,8641.45,buy,540.0
46635950,74579434,1588291246254,0,8646.0,BTC-PERPETUAL,8643.62,buy,10.0
46635951,74579435,1588291246254,1,8646.0,BTC-PERPETUAL,8643.62,buy,100.0
46635952,74579436,1588291246254,1,8646.0,BTC-PERPETUAL,8643.62,buy,100.0
46635953,74579437,1588291246258,0,8646.5,BTC-PERPETUAL,8643.62,buy,40.0
46635954,74579438,1588291246266,0,8647.0,BTC-PERPETUAL,8643.62,buy,20.0
46635955,74579439,1588291246266,1,8647.0,BTC-PERPETUAL,8643.62,buy,560.0
46635956,74579440,1588291246266,1,8647.0,BTC-PERPETUAL,8643.62,buy,10.0
46635957,74579442,1588291247443,0,8647.5,BTC-PERPETUAL,8645.28,buy,200.0
46635958,74579443,1588291247443,1,8647.5,BTC-PERPETUAL,8645.28,buy,200.0
46635959,74579444,1588291247443,1,8647.5,BTC-PERPETUAL,8645.28,buy,460.0
46635960,74579447,1588291247720,0,8648.0,BTC-PERPETUAL,8645.28,buy,130.0
46635961,74579448,1588291247720,1,8648.0,BTC-PERPETUAL,8645.28,buy,130.0
46635962,74579449,1588291247720,1,8648.0,BTC-PERPETUAL,8645.28,buy,100.0
46635963,74579450,1588291247733,0,8648.5,BTC-PERPETUAL,8645.28,buy,20.0
46635964,74579451,1588291247733,1,8648.5,BTC-PERPETUAL,8645.28,buy,20.0
46635965,74579452,1588291247733,1,8648.5,BTC-PERPETUAL,8645.28,buy,1200.0
46635966,74579453,1588291247735,1,8648.5,BTC-PERPETUAL,8645.28,buy,800.0
46635967,74579454,1588291247735,1,8648.5,BTC-PERPETUAL,8645.28,buy,110.0
46635968,74579455,1588291248489,0,8650.0,BTC-PERPETUAL,8645.86,buy,10.0
46635969,74579456,1588291248489,1,8650.0,BTC-PERPETUAL,8645.86,buy,1000.0
46635970,74579457,1588291248489,1,8650.0,BTC-PERPETUAL,8645.86,buy,350.0
46635971,74579458,1588291248489,1,8650.0,BTC-PERPETUAL,8645.86,buy,130.0
46635972,74579459,1588291248491,1,8650.0,BTC-PERPETUAL,8645.86,buy,870.0
46635973,74579460,1588291248491,1,8650.0,BTC-PERPETUAL,8645.86,buy,500.0
46635974,74579461,1588291248491,1,8650.0,BTC-PERPETUAL,8645.86,buy,10.0
46635975,74579462,1588291248491,1,8650.0,BTC-PERPETUAL,8645.86,buy,100.0
46635976,74579463,1588291248491,1,8650.0,BTC-PERPETUAL,8645.86,buy,10.0
46635977,74579464,1588291248512,0,8650.5,BTC-PERPETUAL,8645.86,buy,10.0
46635978,74579465,1588291248512,1,8650.5,BTC-PERPETUAL,8645.86,buy,2210.0
46635979,74579466,1588291248512,1,8650.5,BTC-PERPETUAL,8645.86,buy,170.0
46635980,74579467,1588291248522,0,8651.0,BTC-PERPETUAL,8645.86,buy,10.0
46635981,74579468,1588291248522,1,8651.0,BTC-PERPETUAL,8645.86,buy,40.0
46635982,74579469,1588291248525,0,8651.5,BTC-PERPETUAL,8645.86,buy,2770.0
46635983,74579470,1588291248531,1,8651.5,BTC-PERPETUAL,8645.86,buy,1550.0
46635984,74579474,1588291249194,0,8652.0,BTC-PERPETUAL,8646.72,buy,50.0
46635985,74579475,1588291249194,1,8652.0,BTC-PERPETUAL,8646.72,buy,10.0
46635986,74579476,1588291249194,1,8652.0,BTC-PERPETUAL,8646.72,buy,1440.0
46635987,74579477,1588291250118,1,8652.0,BTC-PERPETUAL,8646.72,buy,520.0
46635988,74579478,1588291250178,1,8652.0,BTC-PERPETUAL,8647.13,buy,6000.0
46635989,74579479,1588291250306,2,8651.5,BTC-PERPETUAL,8647.13,sell,1500.0
46635990,74579480,1588291252618,3,8651.5,BTC-PERPETUAL,8648.11,sell,2000.0
46635991,74579481,1588291252622,3,8651.5,BTC-PERPETUAL,8648.11,sell,2000.0
46635992,74579487,1588291255191,0,8652.0,BTC-PERPETUAL,8648.39,buy,2000.0
46635993,74579488,1588291257106,2,8651.5,BTC-PERPETUAL,8648.53,sell,2110.0
46635994,74579489,1588291257110,3,8651.5,BTC-PERPETUAL,8648.53,sell,2110.0
46635995,74579490,1588291257124,3,8651.5,BTC-PERPETUAL,8648.53,sell,1780.0
46635996,74579491,1588291257124,3,8651.5,BTC-PERPETUAL,8648.53,sell,330.0
46635997,74579492,1588291257126,3,8651.5,BTC-PERPETUAL,8648.53,sell,1170.0
46635998,74579493,1588291257126,3,8651.5,BTC-PERPETUAL,8648.53,sell,20.0
46635999,74579494,1588291257126,3,8651.5,BTC-PERPETUAL,8648.53,sell,10.0
46636000,74579495,1588291257126,3,8651.5,BTC-PERPETUAL,8648.53,sell,40.0
46636001,74579496,1588291257126,3,8651.5,BTC-PERPETUAL,8648.53,sell,10.0
46636002,74579497,1588291257126,3,8651.5,BTC-PERPETUAL,8648.53,sell,10.0
46636003,74579498,1588291257126,3,8651.5,BTC-PERPETUAL,8648.53,sell,500.0
46636004,74579499,1588291257126,3,8651.5,BTC-PERPETUAL,8648.53,sell,350.0
46636005,74579500,1588291261236,2,8650.5,BTC-PERPETUAL,8649.34,sell,10.0
46636006,74579501,1588291261236,3,8650.5,BTC-PERPETUAL,8649.34,sell,20.0
46636007,74579502,1588291261236,3,8650.5,BTC-PERPETUAL,8649.34,sell,970.0
46636008,74579503,1588291262586,0,8651.0,BTC-PERPETUAL,8649.54,buy,1500.0
46636009,74579504,1588291262586,1,8651.0,BTC-PERPETUAL,8649.54,buy,1500.0
46636010,74579505,1588291262586,1,8651.0,BTC-PERPETUAL,8649.54,buy,10500.0
46636011,74579507,1588291262810,1,8651.0,BTC-PERPETUAL,8649.54,buy,2830.0
46636012,74579508,1588291262810,1,8651.0,BTC-PERPETUAL,8649.54,buy,4750.0
46636013,74579509,1588291262810,1,8651.0,BTC-PERPETUAL,8649.54,buy,4150.0
46636014,74579510,1588291262812,1,8651.0,BTC-PERPETUAL,8649.54,buy,170.0
46636015,74579511,1588291262812,1,8651.0,BTC-PERPETUAL,8649.54,buy,10.0
46636016,74579512,1588291262812,1,8651.0,BTC-PERPETUAL,8649.54,buy,12120.0
46636017,74579513,1588291262812,1,8651.0,BTC-PERPETUAL,8649.54,buy,2340.0
46636018,74579514,1588291262813,1,8651.0,BTC-PERPETUAL,8649.54,buy,2840.0
46636019,74579515,1588291262813,1,8651.0,BTC-PERPETUAL,8649.54,buy,310.0
46636020,74579516,1588291262813,1,8651.0,BTC-PERPETUAL,8649.54,buy,80.0
46636021,74579517,1588291262813,1,8651.0,BTC-PERPETUAL,8649.54,buy,10.0
46636022,74579518,1588291262873,1,8651.0,BTC-PERPETUAL,8649.54,sell,1500.0
46636023,74579519,1588291262880,0,8651.5,BTC-PERPETUAL,8649.54,buy,20.0
46636024,74579520,1588291262880,1,8651.5,BTC-PERPETUAL,8649.54,buy,20.0
46636025,74579521,1588291263053,0,8652.0,BTC-PERPETUAL,8649.54,buy,100.0
46636026,74579522,1588291263053,1,8652.0,BTC-PERPETUAL,8649.54,buy,100.0
46636027,74579523,1588291263053,1,8652.0,BTC-PERPETUAL,8649.54,buy,10.0
46636028,74579524,1588291263053,1,8652.0,BTC-PERPETUAL,8649.54,buy,2100.0
46636029,74579525,1588291263055,1,8652.0,BTC-PERPETUAL,8649.54,buy,18730.0
46636030,74579526,1588291263186,0,8653.0,BTC-PERPETUAL,8649.54,buy,5000.0
46636031,74579527,1588291263186,1,8653.0,BTC-PERPETUAL,8649.54,buy,310.0
46636032,74579528,1588291263186,1,8653.0,BTC-PERPETUAL,8649.54,buy,1570.0
46636033,74579529,1588291263186,1,8653.0,BTC-PERPETUAL,8649.54,buy,2240.0
46636034,74579530,1588291263218,1,8653.0,BTC-PERPETUAL,8649.54,buy,6410.0
46636035,74579531,1588291263218,1,8653.0,BTC-PERPETUAL,8649.54,buy,350.0
46636036,74579532,1588291263226,1,8653.0,BTC-PERPETUAL,8649.54,buy,2150.0
46636037,74579536,1588291263236,0,8653.5,BTC-PERPETUAL,8649.54,buy,60.0
46636038,74579537,1588291263236,1,8653.5,BTC-PERPETUAL,8649.54,buy,110.0
46636039,74579541,1588291263316,0,8654.5,BTC-PERPETUAL,8650.44,buy,10.0
46636040,74579542,1588291263360,0,8655.0,BTC-PERPETUAL,8650.44,buy,1960.0
46636041,74579543,1588291263437,1,8655.0,BTC-PERPETUAL,8650.44,buy,40.0
46636042,74579544,1588291263437,1,8655.0,BTC-PERPETUAL,8650.44,buy,310.0
46636043,74579545,1588291263437,1,8655.0,BTC-PERPETUAL,8650.44,buy,80.0
46636044,74579546,1588291263437,1,8655.0,BTC-PERPETUAL,8650.44,buy,2100.0
46636045,74579547,1588291263446,1,8655.0,BTC-PERPETUAL,8650.44,buy,1230.0
46636046,74579548,1588291263461,1,8655.0,BTC-PERPETUAL,8650.44,buy,990.0
46636047,74579549,1588291263461,1,8655.0,BTC-PERPETUAL,8650.44,buy,10.0
46636048,74579550,1588291263461,1,8655.0,BTC-PERPETUAL,8650.44,buy,560.0
46636049,74579551,1588291263482,0,8655.5,BTC-PERPETUAL,8650.44,buy,2730.0
46636050,74579554,1588291264933,0,8656.0,BTC-PERPETUAL,8652.16,buy,50.0
46636051,74579555,1588291264933,1,8656.0,BTC-PERPETUAL,8652.16,buy,50.0
46636052,74579556,1588291264933,1,8656.0,BTC-PERPETUAL,8652.16,buy,250.0
46636053,74579557,1588291264933,1,8656.0,BTC-PERPETUAL,8652.16,buy,20.0
46636054,74579558,1588291264933,1,8656.0,BTC-PERPETUAL,8652.16,buy,20.0
46636055,74579559,1588291264933,1,8656.0,BTC-PERPETUAL,8652.16,buy,10.0
46636056,74579560,1588291264933,0,8656.5,BTC-PERPETUAL,8652.16,buy,10.0
46636057,74579561,1588291264933,1,8656.5,BTC-PERPETUAL,8652.16,buy,10.0
46636058,74579562,1588291264933,0,8657.0,BTC-PERPETUAL,8652.16,buy,80.0
46636059,74579563,1588291266248,1,8657.0,BTC-PERPETUAL,8652.51,buy,230.0
46636060,74579564,1588291266248,1,8657.0,BTC-PERPETUAL,8652.51,buy,80.0
46636061,74579565,1588291266248,1,8657.0,BTC-PERPETUAL,8652.51,buy,100.0
46636062,74579566,1588291266248,1,8657.0,BTC-PERPETUAL,8652.51,buy,100.0
46636063,74579567,1588291266248,1,8657.0,BTC-PERPETUAL,8652.51,buy,80.0
46636064,74579569,1588291266340,0,8658.0,BTC-PERPETUAL,8653.05,buy,10.0
46636065,74579570,1588291266958,0,8658.5,BTC-PERPETUAL,8653.05,buy,110.0
46636066,74579571,1588291266958,1,8658.5,BTC-PERPETUAL,8653.05,buy,10.0
46636067,74579572,1588291266958,0,8659.0,BTC-PERPETUAL,8653.05,buy,1000.0
46636068,74579573,1588291266958,1,8659.0,BTC-PERPETUAL,8653.05,buy,730.0
46636069,74579574,1588291266958,1,8659.0,BTC-PERPETUAL,8653.05,buy,310.0
46636070,74579575,1588291266958,1,8659.0,BTC-PERPETUAL,8653.05,buy,80.0
46636071,74579576,1588291266958,0,8659.5,BTC-PERPETUAL,8653.05,buy,60.0
46636072,74579577,1588291266958,0,8660.0,BTC-PERPETUAL,8653.05,buy,340.0
46636073,74579578,1588291266958,1,8660.0,BTC-PERPETUAL,8653.05,buy,1690.0
46636074,74579579,1588291266958,1,8660.0,BTC-PERPETUAL,8653.05,buy,130.0
46636075,74579580,1588291266958,1,8660.0,BTC-PERPETUAL,8653.05,buy,10.0
46636076,74579581,1588291266958,0,8660.5,BTC-PERPETUAL,8653.05,buy,1890.0
46636077,74579582,1588291266958,1,8660.5,BTC-PERPETUAL,8653.05,buy,3640.0
46636078,74579584,1588291266982,1,8660.5,BTC-PERPETUAL,8653.05,buy,1560.0
46636079,74579585,1588291266982,1,8660.5,BTC-PERPETUAL,8653.05,buy,90.0
46636080,74579586,1588291266982,0,8661.0,BTC-PERPETUAL,8653.05,buy,40.0
46636081,74579587,1588291266982,1,8661.0,BTC-PERPETUAL,8653.05,buy,310.0
46636082,74579588,1588291266982,1,8661.0,BTC-PERPETUAL,8653.05,buy,80.0
46636083,74579589,1588291266982,1,8661.0,BTC-PERPETUAL,8653.05,buy,3920.0
46636084,74579590,1588291266984,1,8661.0,BTC-PERPETUAL,8653.05,buy,4740.0
46636085,74579591,1588291266984,1,8661.0,BTC-PERPETUAL,8653.05,buy,5260.0
46636086,74579593,1588291267653,0,8661.5,BTC-PERPETUAL,8654.34,buy,160.0
46636087,74579600,1588291267679,1,8661.5,BTC-PERPETUAL,8654.34,buy,10900.0
46636088,74579601,1588291267680,1,8661.5,BTC-PERPETUAL,8654.34,buy,200.0
46636089,74579602,1588291267682,1,8661.5,BTC-PERPETUAL,8654.34,buy,1500.0
46636090,74579603,1588291267683,1,8661.5,BTC-PERPETUAL,8654.34,buy,2600.0
46636091,74579604,1588291267746,1,8661.5,BTC-PERPETUAL,8654.34,buy,1960.0
46636092,74579607,1588291267754,0,8662.0,BTC-PERPETUAL,8654.34,buy,860.0
46636093,74579608,1588291267754,1,8662.0,BTC-PERPETUAL,8654.34,buy,100.0
46636094,74579609,1588291267758,1,8662.0,BTC-PERPETUAL,8654.34,buy,10.0
46636095,74579610,1588291267760,1,8662.0,BTC-PERPETUAL,8654.34,buy,90.0
46636096,74579611,1588291267763,0,8662.5,BTC-PERPETUAL,8654.34,buy,10.0
46636097,74579612,1588291267763,0,8663.0,BTC-PERPETUAL,8654.34,buy,10.0
46636098,74579613,1588291267763,1,8663.0,BTC-PERPETUAL,8654.34,buy,300.0
46636099,74579615,1588291268000,1,8663.0,BTC-PERPETUAL,8654.34,buy,10.0
46636100,74579616,1588291268000,1,8663.0,BTC-PERPETUAL,8654.34,buy,80.0
46636101,74579617,1588291268000,1,8663.0,BTC-PERPETUAL,8654.34,buy,20.0
46636102,74579618,1588291268000,1,8663.0,BTC-PERPETUAL,8654.34,buy,10.0
46636103,74579619,1588291268000,1,8663.0,BTC-PERPETUAL,8654.34,buy,10.0
46636104,74579621,1588291268013,0,8663.5,BTC-PERPETUAL,8654.34,buy,10.0
46636105,74579622,1588291268013,1,8663.5,BTC-PERPETUAL,8654.34,buy,110.0
46636106,74579623,1588291268013,1,8663.5,BTC-PERPETUAL,8654.34,buy,10.0
46636107,74579624,1588291268013,1,8663.5,BTC-PERPETUAL,8654.34,buy,250.0
46636108,74579625,1588291268040,0,8664.0,BTC-PERPETUAL,8654.34,buy,3660.0
46636109,74579626,1588291268042,1,8664.0,BTC-PERPETUAL,8654.34,buy,1380.0
46636110,74579627,1588291268043,1,8664.0,BTC-PERPETUAL,8654.34,buy,6960.0
46636111,74579628,1588291268057,0,8665.0,BTC-PERPETUAL,8654.34,buy,10.0
46636112,74579629,1588291268057,1,8665.0,BTC-PERPETUAL,8654.34,buy,10.0
46636113,74579630,1588291268057,1,8665.0,BTC-PERPETUAL,8654.34,buy,630.0
46636114,74579631,1588291268057,1,8665.0,BTC-PERPETUAL,8654.34,buy,30.0
46636115,74579632,1588291268057,1,8665.0,BTC-PERPETUAL,8654.34,buy,310.0
46636116,74579633,1588291268057,1,8665.0,BTC-PERPETUAL,8654.34,buy,80.0
46636117,74579634,1588291268072,0,8665.5,BTC-PERPETUAL,8654.34,buy,160.0
46636118,74579635,1588291268072,1,8665.5,BTC-PERPETUAL,8654.34,buy,4210.0
46636119,74579637,1588291268122,1,8665.5,BTC-PERPETUAL,8654.34,buy,5790.0
46636120,74579638,1588291268122,1,8665.5,BTC-PERPETUAL,8654.34,buy,1020.0
46636121,74579639,1588291268141,1,8665.5,BTC-PERPETUAL,8654.34,buy,2230.0
46636122,74579642,1588291268208,1,8665.5,BTC-PERPETUAL,8654.34,buy,2300.0
46636123,74579643,1588291268225,1,8665.5,BTC-PERPETUAL,8654.34,buy,6450.0
46636124,74579644,1588291268276,0,8666.0,BTC-PERPETUAL,8654.34,buy,200.0
46636125,74579645,1588291268276,1,8666.0,BTC-PERPETUAL,8654.34,buy,2000.0
46636126,74579646,1588291268276,1,8666.0,BTC-PERPETUAL,8654.34,buy,7530.0
46636127,74579647,1588291268315,1,8666.0,BTC-PERPETUAL,8657.36,buy,830.0
46636128,74579648,1588291268346,1,8666.0,BTC-PERPETUAL,8657.36,buy,9070.0
46636129,74579649,1588291268373,1,8666.0,BTC-PERPETUAL,8657.36,buy,1280.0
46636130,74579650,1588291268373,1,8666.0,BTC-PERPETUAL,8657.36,buy,250.0
46636131,74579651,1588291268373,1,8666.0,BTC-PERPETUAL,8657.36,buy,1500.0
46636132,74579652,1588291268428,0,8666.5,BTC-PERPETUAL,8657.36,buy,10.0
46636133,74579653,1588291268428,1,8666.5,BTC-PERPETUAL,8657.36,buy,40.0
46636134,74579654,1588291268478,0,8667.0,BTC-PERPETUAL,8657.36,buy,310.0
46636135,74579655,1588291268478,1,8667.0,BTC-PERPETUAL,8657.36,buy,80.0
46636136,74579657,1588291268531,0,8667.5,BTC-PERPETUAL,8657.36,buy,40.0
46636137,74579658,1588291268531,1,8667.5,BTC-PERPETUAL,8657.36,buy,40.0
46636138,74579659,1588291268965,0,8668.0,BTC-PERPETUAL,8657.36,sell,1500.0
46636139,74579660,1588291268965,1,8668.0,BTC-PERPETUAL,8657.36,sell,900.0
46636140,74579661,1588291268967,1,8668.0,BTC-PERPETUAL,8657.36,sell,600.0
46636141,74579662,1588291268967,1,8668.0,BTC-PERPETUAL,8657.36,sell,300.0
46636142,74579663,1588291268967,1,8668.0,BTC-PERPETUAL,8657.36,sell,2000.0
46636143,74579664,1588291268967,1,8668.0,BTC-PERPETUAL,8657.36,sell,580.0
46636144,74579665,1588291268967,1,8668.0,BTC-PERPETUAL,8657.36,sell,950.0
46636145,74579666,1588291268967,1,8668.0,BTC-PERPETUAL,8657.36,sell,500.0
46636146,74579667,1588291268967,1,8668.0,BTC-PERPETUAL,8657.36,sell,20.0
46636147,74579668,1588291268967,1,8668.0,BTC-PERPETUAL,8657.36,sell,780.0
46636148,74579669,1588291268971,2,8667.0,BTC-PERPETUAL,8657.36,sell,10.0
46636149,74579670,1588291268982,2,8666.5,BTC-PERPETUAL,8657.36,sell,5110.0
46636150,74579671,1588291270667,2,8666.0,BTC-PERPETUAL,8660.36,buy,1500.0
46636151,74579672,1588291270667,3,8666.0,BTC-PERPETUAL,8660.36,buy,500.0
46636152,74579681,1588291272779,3,8666.0,BTC-PERPETUAL,8663.91,buy,340.0
46636153,74579682,1588291272782,3,8666.0,BTC-PERPETUAL,8663.91,buy,1160.0
46636154,74579683,1588291272782,3,8666.0,BTC-PERPETUAL,8663.91,buy,60.0
46636155,74579684,1588291272782,3,8666.0,BTC-PERPETUAL,8663.91,buy,80.0
46636156,74579685,1588291272784,3,8666.0,BTC-PERPETUAL,8663.91,buy,20.0
46636157,74579686,1588291272784,3,8666.0,BTC-PERPETUAL,8663.91,buy,100.0
46636158,74579687,1588291272784,3,8666.0,BTC-PERPETUAL,8663.91,buy,10.0
46636159,74579688,1588291273335,0,8668.5,BTC-PERPETUAL,8665.55,buy,110.0
46636160,74579689,1588291273335,1,8668.5,BTC-PERPETUAL,8665.55,buy,200.0
46636161,74579690,1588291273335,1,8668.5,BTC-PERPETUAL,8665.55,buy,10.0
46636162,74579691,1588291273335,1,8668.5,BTC-PERPETUAL,8665.55,buy,180.0
46636163,74579692,1588291274289,1,8668.5,BTC-PERPETUAL,8665.55,buy,70.0
46636164,74579693,1588291274289,1,8668.5,BTC-PERPETUAL,8665.55,buy,9930.0
46636165,74579694,1588291274367,1,8668.5,BTC-PERPETUAL,8666.55,buy,2670.0
46636166,74579695,1588291274368,1,8668.5,BTC-PERPETUAL,8666.55,buy,600.0
46636167,74579696,1588291274369,1,8668.5,BTC-PERPETUAL,8666.55,buy,800.0
46636168,74579697,1588291274370,1,8668.5,BTC-PERPETUAL,8666.55,buy,1510.0
46636169,74579698,1588291274370,1,8668.5,BTC-PERPETUAL,8666.55,buy,10.0
46636170,74579699,1588291274370,1,8668.5,BTC-PERPETUAL,8666.55,buy,1280.0
46636171,74579700,1588291274371,1,8668.5,BTC-PERPETUAL,8666.55,buy,300.0
46636172,74579701,1588291274374,0,8669.0,BTC-PERPETUAL,8666.55,buy,180.0
46636173,74579702,1588291274374,1,8669.0,BTC-PERPETUAL,8666.55,buy,10.0
46636174,74579703,1588291274374,1,8669.0,BTC-PERPETUAL,8666.55,buy,40.0
46636175,74579704,1588291274374,1,8669.0,BTC-PERPETUAL,8666.55,buy,11700.0
46636176,74579705,1588291274377,1,8669.0,BTC-PERPETUAL,8666.55,buy,2300.0
46636177,74579706,1588291274377,1,8669.0,BTC-PERPETUAL,8666.55,buy,310.0
46636178,74579707,1588291274377,1,8669.0,BTC-PERPETUAL,8666.55,buy,70.0
46636179,74579708,1588291274428,1,8669.0,BTC-PERPETUAL,8666.55,buy,10.0
46636180,74579709,1588291274476,0,8670.0,BTC-PERPETUAL,8666.55,buy,10.0
46636181,74579710,1588291274476,1,8670.0,BTC-PERPETUAL,8666.55,buy,10.0
46636182,74579711,1588291274476,1,8670.0,BTC-PERPETUAL,8666.55,buy,330.0
46636183,74579712,1588291274476,1,8670.0,BTC-PERPETUAL,8666.55,buy,10.0
46636184,74579713,1588291274476,1,8670.0,BTC-PERPETUAL,8666.55,buy,10.0
46636185,74579714,1588291274476,1,8670.0,BTC-PERPETUAL,8666.55,buy,160.0
46636186,74579715,1588291274476,0,8670.5,BTC-PERPETUAL,8666.55,buy,10.0
46636187,74579716,1588291274476,0,8671.0,BTC-PERPETUAL,8666.55,buy,10.0
46636188,74579717,1588291274476,1,8671.0,BTC-PERPETUAL,8666.55,buy,200.0
46636189,74579718,1588291274476,1,8671.0,BTC-PERPETUAL,8666.55,buy,60.0
46636190,74579719,1588291274476,0,8671.5,BTC-PERPETUAL,8666.55,buy,60.0
46636191,74579720,1588291274476,1,8671.5,BTC-PERPETUAL,8666.55,buy,20.0
46636192,74579721,1588291274476,0,8672.5,BTC-PERPETUAL,8666.55,buy,3110.0
46636193,74579722,1588291274477,1,8672.5,BTC-PERPETUAL,8666.55,buy,10890.0
46636194,74579723,1588291274477,0,8673.0,BTC-PERPETUAL,8666.55,buy,220.0
46636195,74579724,1588291274477,0,8673.5,BTC-PERPETUAL,8666.55,buy,110.0
46636196,74579725,1588291274477,0,8674.0,BTC-PERPETUAL,8666.55,buy,120.0
46636197,74579726,1588291274477,1,8674.0,BTC-PERPETUAL,8666.55,buy,20.0
46636198,74579727,1588291274477,1,8674.0,BTC-PERPETUAL,8666.55,buy,30.0
46636199,74579728,1588291274477,0,8674.5,BTC-PERPETUAL,8666.55,buy,9000.0
46636200,74579729,1588291274477,1,8674.5,BTC-PERPETUAL,8666.55,buy,50.0
46636201,74579730,1588291274477,1,8674.5,BTC-PERPETUAL,8666.55,buy,10.0
46636202,74579731,1588291274477,1,8674.5,BTC-PERPETUAL,8666.55,buy,45000.0
46636203,74579732,1588291274477,0,8675.0,BTC-PERPETUAL,8666.55,buy,10.0
46636204,74579733,1588291274477,1,8675.0,BTC-PERPETUAL,8666.55,buy,10.0
46636205,74579734,1588291274477,0,8675.5,BTC-PERPETUAL,8666.55,buy,100.0
46636206,74579735,1588291274477,1,8675.5,BTC-PERPETUAL,8666.55,buy,10.0
46636207,74579736,1588291274477,1,8675.5,BTC-PERPETUAL,8666.55,buy,1800.0
46636208,74579737,1588291274477,0,8676.0,BTC-PERPETUAL,8666.55,buy,22290.0
46636209,74579738,1588291274477,1,8676.0,BTC-PERPETUAL,8666.55,buy,2500.0
46636210,74579739,1588291274477,0,8677.0,BTC-PERPETUAL,8666.55,buy,10.0
46636211,74579740,1588291274477,1,8677.0,BTC-PERPETUAL,8666.55,buy,5000.0
46636212,74579741,1588291274477,1,8677.0,BTC-PERPETUAL,8666.55,buy,35000.0
46636213,74579742,1588291274477,0,8677.5,BTC-PERPETUAL,8666.55,buy,200.0
46636214,74579743,1588291274477,1,8677.5,BTC-PERPETUAL,8666.55,buy,160.0
46636215,74579744,1588291274477,1,8677.5,BTC-PERPETUAL,8666.55,buy,40.0
46636216,74579745,1588291274477,0,8678.0,BTC-PERPETUAL,8666.55,buy,110.0
46636217,74579746,1588291274477,0,8678.5,BTC-PERPETUAL,8666.55,buy,110.0
46636218,74579747,1588291274477,1,8678.5,BTC-PERPETUAL,8666.55,buy,10.0
46636219,74579748,1588291274477,1,8678.5,BTC-PERPETUAL,8666.55,buy,17190.0
46636220,74579752,1588291274732,2,8678.0,BTC-PERPETUAL,8666.55,sell,100.0
46636221,74579753,1588291274790,3,8678.0,BTC-PERPETUAL,8666.55,sell,3500.0
46636222,74579754,1588291274790,3,8678.0,BTC-PERPETUAL,8666.55,sell,350.0
46636223,74579755,1588291274790,3,8678.0,BTC-PERPETUAL,8666.55,sell,1150.0
46636224,74579756,1588291275258,0,8678.5,BTC-PERPETUAL,8666.55,buy,950.0
46636225,74579757,1588291275258,1,8678.5,BTC-PERPETUAL,8666.55,buy,8050.0
46636226,74579758,1588291275558,2,8678.0,BTC-PERPETUAL,8669.21,sell,440.0
46636227,74579761,1588291275709,3,8678.0,BTC-PERPETUAL,8669.21,sell,250.0
46636228,74579762,1588291275709,3,8678.0,BTC-PERPETUAL,8669.21,sell,20.0
46636229,74579763,1588291275709,3,8678.0,BTC-PERPETUAL,8669.21,sell,10.0
46636230,74579764,1588291275709,3,8678.0,BTC-PERPETUAL,8669.21,sell,90.0
46636231,74579765,1588291275712,2,8677.5,BTC-PERPETUAL,8669.21,sell,2000.0
46636232,74579766,1588291275716,2,8676.5,BTC-PERPETUAL,8669.21,sell,4890.0
46636233,74579768,1588291276534,3,8676.5,BTC-PERPETUAL,8670.16,buy,880.0
46636234,74579769,1588291276547,3,8676.5,BTC-PERPETUAL,8670.16,buy,2720.0
46636235,74579770,1588291276547,3,8676.5,BTC-PERPETUAL,8670.16,buy,1110.0
46636236,74579771,1588291276548,3,8676.5,BTC-PERPETUAL,8670.16,buy,40.0
46636237,74579772,1588291276548,3,8676.5,BTC-PERPETUAL,8670.16,buy,4250.0
46636238,74579773,1588291276554,3,8676.5,BTC-PERPETUAL,8670.16,buy,1640.0
46636239,74579774,1588291276611,0,8678.0,BTC-PERPETUAL,8670.16,sell,2590.0
46636240,74579776,1588291277541,1,8678.0,BTC-PERPETUAL,8671.07,sell,2000.0
46636241,74579777,1588291277541,1,8678.0,BTC-PERPETUAL,8671.07,sell,20.0
46636242,74579778,1588291277569,2,8676.5,BTC-PERPETUAL,8671.07,sell,250.0
46636243,74579779,1588291277572,2,8676.0,BTC-PERPETUAL,8671.07,sell,110.0
46636244,74579780,1588291277574,2,8675.5,BTC-PERPETUAL,8671.07,buy,3600.0
46636245,74579781,1588291277574,0,8676.0,BTC-PERPETUAL,8671.07,buy,110.0
46636246,74579782,1588291277574,0,8676.5,BTC-PERPETUAL,8671.07,buy,15130.0
46636247,74579783,1588291277580,2,8675.5,BTC-PERPETUAL,8671.07,buy,45000.0
46636248,74579784,1588291277802,2,8675.0,BTC-PERPETUAL,8671.07,sell,25730.0
46636249,74579787,1588291277806,3,8675.0,BTC-PERPETUAL,8671.07,sell,7170.0
46636250,74579788,1588291277806,3,8675.0,BTC-PERPETUAL,8671.07,sell,260.0
46636251,74579789,1588291277806,3,8675.0,BTC-PERPETUAL,8671.07,sell,1800.0
46636252,74579790,1588291277806,3,8675.0,BTC-PERPETUAL,8671.07,sell,3600.0
46636253,74579791,1588291277806,3,8675.0,BTC-PERPETUAL,8671.07,sell,6970.0
46636254,74579792,1588291277807,3,8675.0,BTC-PERPETUAL,8671.07,sell,18880.0
46636255,74579793,1588291277808,3,8675.0,BTC-PERPETUAL,8671.07,sell,10700.0
46636256,74579794,1588291277808,3,8675.0,BTC-PERPETUAL,8671.07,sell,6840.0
46636257,74579795,1588291277809,3,8675.0,BTC-PERPETUAL,8671.07,sell,18500.0
46636258,74579796,1588291277811,3,8675.0,BTC-PERPETUAL,8671.07,sell,900.0
46636259,74579797,1588291277812,3,8675.0,BTC-PERPETUAL,8671.07,sell,480.0
46636260,74579798,1588291277813,3,8675.0,BTC-PERPETUAL,8671.07,sell,100.0
46636261,74579799,1588291277814,3,8675.0,BTC-PERPETUAL,8671.07,sell,7400.0
46636262,74579800,1588291277815,3,8675.0,BTC-PERPETUAL,8671.07,sell,3700.0
46636263,74579801,1588291277816,3,8675.0,BTC-PERPETUAL,8671.07,sell,9500.0
46636264,74579808,1588291277872,3,8675.0,BTC-PERPETUAL,8671.07,sell,110.0
46636265,74579809,1588291277872,3,8675.0,BTC-PERPETUAL,8671.07,sell,250.0
46636266,74579810,1588291277960,2,8674.0,BTC-PERPETUAL,8671.07,sell,170.0
46636267,74579814,1588291278205,3,8674.0,BTC-PERPETUAL,8671.07,sell,1630.0
46636268,74579815,1588291278205,3,8674.0,BTC-PERPETUAL,8671.07,sell,20.0
46636269,74579816,1588291278246,2,8673.0,BTC-PERPETUAL,8671.07,sell,10.0
46636270,74579820,1588291279454,2,8671.5,BTC-PERPETUAL,8668.64,sell,170.0
46636271,74579821,1588291279454,3,8671.5,BTC-PERPETUAL,8668.64,sell,20.0
46636272,74579822,1588291279454,3,8671.5,BTC-PERPETUAL,8668.64,sell,110.0
46636273,74579823,1588291279454,3,8671.5,BTC-PERPETUAL,8668.64,sell,700.0
46636274,74579825,1588291279549,2,8671.0,BTC-PERPETUAL,8668.64,sell,190.0
46636275,74579826,1588291279549,3,8671.0,BTC-PERPETUAL,8668.64,sell,19070.0
46636276,74579827,1588291279550,3,8671.0,BTC-PERPETUAL,8668.64,sell,4570.0
46636277,74579828,1588291279550,3,8671.0,BTC-PERPETUAL,8668.64,sell,20.0
46636278,74579832,1588291279705,2,8670.0,BTC-PERPETUAL,8668.64,sell,10.0
46636279,74579833,1588291279770,2,8669.0,BTC-PERPETUAL,8668.64,sell,10.0
46636280,74579847,1588291282805,2,8665.5,BTC-PERPETUAL,8668.77,sell,1040.0
46636281,74579848,1588291282805,3,8665.5,BTC-PERPETUAL,8668.77,sell,10.0
46636282,74579849,1588291282805,3,8665.5,BTC-PERPETUAL,8668.77,sell,10.0
46636283,74579850,1588291282805,3,8665.5,BTC-PERPETUAL,8668.77,sell,100.0
46636284,74579851,1588291282805,3,8665.5,BTC-PERPETUAL,8668.77,sell,10.0
46636285,74579852,1588291282805,3,8665.5,BTC-PERPETUAL,8668.77,sell,10.0
46636286,74579853,1588291282805,2,8665.0,BTC-PERPETUAL,8668.77,sell,10.0
46636287,74579854,1588291282805,3,8665.0,BTC-PERPETUAL,8668.77,sell,20.0
46636288,74579855,1588291282805,2,8664.5,BTC-PERPETUAL,8668.77,sell,250.0
46636289,74579856,1588291282805,3,8664.5,BTC-PERPETUAL,8668.77,sell,10.0
46636290,74579857,1588291282805,2,8664.0,BTC-PERPETUAL,8668.77,sell,20.0
46636291,74579858,1588291282805,3,8664.0,BTC-PERPETUAL,8668.77,sell,10.0
46636292,74579863,1588291288376,0,8664.5,BTC-PERPETUAL,8665.38,buy,3390.0
46636293,74579864,1588291288376,1,8664.5,BTC-PERPETUAL,8665.38,buy,1800.0
46636294,74579865,1588291288376,1,8664.5,BTC-PERPETUAL,8665.38,buy,18680.0
46636295,74579866,1588291288376,1,8664.5,BTC-PERPETUAL,8665.38,buy,200.0
46636296,74579867,1588291288376,1,8664.5,BTC-PERPETUAL,8665.38,buy,10.0
46636297,74579868,1588291288376,1,8664.5,BTC-PERPETUAL,8665.38,buy,10.0
46636298,74579869,1588291288376,1,8664.5,BTC-PERPETUAL,8665.38,buy,20.0
46636299,74579870,1588291288376,1,8664.5,BTC-PERPETUAL,8665.38,buy,10.0
46636300,74579871,1588291288379,0,8665.0,BTC-PERPETUAL,8665.38,buy,5000.0
46636301,74579872,1588291288379,1,8665.0,BTC-PERPETUAL,8665.38,buy,7840.0
46636302,74579873,1588291288379,1,8665.0,BTC-PERPETUAL,8665.38,buy,4320.0
46636303,74579874,1588291288476,1,8665.0,BTC-PERPETUAL,8665.65,buy,10.0
46636304,74579875,1588291288476,1,8665.0,BTC-PERPETUAL,8665.65,buy,1800.0
46636305,74579876,1588291288498,0,8665.5,BTC-PERPETUAL,8665.65,buy,20.0
46636306,74579878,1588291291737,1,8665.5,BTC-PERPETUAL,8665.44,sell,1500.0
46636307,74579884,1588291295391,1,8665.5,BTC-PERPETUAL,8663.71,sell,12540.0
46636308,74579885,1588291295391,1,8665.5,BTC-PERPETUAL,8663.71,sell,250.0
46636309,74579886,1588291295391,1,8665.5,BTC-PERPETUAL,8663.71,sell,2000.0
46636310,74579887,1588291295391,1,8665.5,BTC-PERPETUAL,8663.71,sell,10.0
46636311,74579888,1588291295391,1,8665.5,BTC-PERPETUAL,8663.71,sell,2000.0
46636312,74579889,1588291300509,2,8664.5,BTC-PERPETUAL,8665.2,buy,20.0
46636313,74579890,1588291300509,3,8664.5,BTC-PERPETUAL,8665.2,buy,560.0
46636314,74579891,1588291300509,3,8664.5,BTC-PERPETUAL,8665.2,buy,20.0
46636315,74579892,1588291300509,3,8664.5,BTC-PERPETUAL,8665.2,buy,500.0
46636316,74579893,1588291300515,0,8665.0,BTC-PERPETUAL,8665.2,buy,550.0
46636317,74579894,1588291300515,0,8666.0,BTC-PERPETUAL,8665.2,buy,100.0
46636318,74579895,1588291300515,1,8666.0,BTC-PERPETUAL,8665.2,buy,100.0
46636319,74579896,1588291300515,1,8666.0,BTC-PERPETUAL,8665.2,buy,1380.0
46636320,74579897,1588291300551,1,8666.0,BTC-PERPETUAL,8665.2,buy,200.0
46636321,74579898,1588291300551,1,8666.0,BTC-PERPETUAL,8665.2,buy,10.0
46636322,74579899,1588291300551,1,8666.0,BTC-PERPETUAL,8665.2,buy,10.0
46636323,74579900,1588291300551,1,8666.0,BTC-PERPETUAL,8665.2,buy,10.0
46636324,74579901,1588291300551,1,8666.0,BTC-PERPETUAL,8665.2,buy,1870.0
46636325,74579902,1588291300553,1,8666.0,BTC-PERPETUAL,8665.2,buy,130.0
46636326,74579903,1588291300553,1,8666.0,BTC-PERPETUAL,8665.2,buy,270.0
46636327,74579904,1588291300554,1,8666.0,BTC-PERPETUAL,8665.2,buy,1230.0
46636328,74579905,1588291300876,0,8668.0,BTC-PERPETUAL,8665.2,buy,670.0
46636329,74579906,1588291300876,1,8668.0,BTC-PERPETUAL,8665.2,buy,110.0
46636330,74579907,1588291300876,0,8668.5,BTC-PERPETUAL,8665.2,buy,20.0
46636331,74579911,1588291304791,1,8668.5,BTC-PERPETUAL,8666.59,sell,30.0
46636332,74579912,1588291304791,1,8668.5,BTC-PERPETUAL,8666.59,sell,60.0
46636333,74579913,1588291311538,1,8668.5,BTC-PERPETUAL,8665.81,sell,10.0
46636334,74579914,1588291311538,1,8668.5,BTC-PERPETUAL,8665.81,sell,20.0
46636335,74579915,1588291311538,1,8668.5,BTC-PERPETUAL,8665.81,sell,260.0
46636336,74579916,1588291311538,1,8668.5,BTC-PERPETUAL,8665.81,sell,10.0
46636337,74579917,1588291311538,1,8668.5,BTC-PERPETUAL,8665.81,sell,10.0
46636338,74579918,1588291311543,2,8667.5,BTC-PERPETUAL,8665.81,sell,20.0
46636339,74579919,1588291311543,2,8667.0,BTC-PERPETUAL,8665.81,sell,10.0
46636340,74579920,1588291311543,2,8666.5,BTC-PERPETUAL,8665.81,sell,130.0
46636341,74579921,1588291311543,3,8666.5,BTC-PERPETUAL,8665.81,sell,130.0
46636342,74579922,1588291311543,3,8666.5,BTC-PERPETUAL,8665.81,sell,9850.0
46636343,74579923,1588291311543,3,8666.5,BTC-PERPETUAL,8665.81,sell,140.0
46636344,74579925,1588291311549,3,8666.5,BTC-PERPETUAL,8665.81,sell,30.0
46636345,74579926,1588291311771,2,8666.0,BTC-PERPETUAL,8665.3,sell,2290.0
46636346,74579930,1588291312092,2,8664.5,BTC-PERPETUAL,8665.3,sell,200.0
46636347,74579931,1588291312098,3,8664.5,BTC-PERPETUAL,8665.3,sell,1390.0
46636348,74579932,1588291314012,2,8664.0,BTC-PERPETUAL,8664.24,sell,10.0
46636349,74579933,1588291314012,3,8664.0,BTC-PERPETUAL,8664.24,sell,10.0
46636350,74579934,1588291314012,3,8664.0,BTC-PERPETUAL,8664.24,sell,10.0
46636351,74579935,1588291314012,3,8664.0,BTC-PERPETUAL,8664.24,sell,30.0
46636352,74579936,1588291314036,2,8663.0,BTC-PERPETUAL,8664.24,sell,110.0
46636353,74579937,1588291314036,3,8663.0,BTC-PERPETUAL,8664.24,sell,250.0
46636354,74579938,1588291315124,2,8662.5,BTC-PERPETUAL,8663.85,sell,210.0
46636355,74579939,1588291315124,3,8662.5,BTC-PERPETUAL,8663.85,sell,10.0
46636356,74579940,1588291315124,3,8662.5,BTC-PERPETUAL,8663.85,sell,1000.0
46636357,74579941,1588291315124,2,8662.0,BTC-PERPETUAL,8663.85,sell,10.0
46636358,74579942,1588291315124,2,8661.0,BTC-PERPETUAL,8663.85,sell,10.0
46636359,74579943,1588291315124,3,8661.0,BTC-PERPETUAL,8663.85,sell,10.0
46636360,74579944,1588291315124,2,8660.5,BTC-PERPETUAL,8663.85,sell,10.0
46636361,74579945,1588291315124,3,8660.5,BTC-PERPETUAL,8663.85,sell,20.0
46636362,74579946,1588291315124,2,8660.0,BTC-PERPETUAL,8663.85,sell,10.0
46636363,74579947,1588291315124,3,8660.0,BTC-PERPETUAL,8663.85,sell,340.0
46636364,74579948,1588291315124,3,8660.0,BTC-PERPETUAL,8663.85,sell,10.0
46636365,74579949,1588291315124,3,8660.0,BTC-PERPETUAL,8663.85,sell,100.0
46636366,74579950,1588291315124,2,8659.5,BTC-PERPETUAL,8663.85,sell,10.0
46636367,74579951,1588291315124,3,8659.5,BTC-PERPETUAL,8663.85,sell,60.0
46636368,74579952,1588291315124,2,8659.0,BTC-PERPETUAL,8663.85,sell,50.0
46636369,74579953,1588291315124,3,8659.0,BTC-PERPETUAL,8663.85,sell,10.0
46636370,74579954,1588291315124,2,8658.5,BTC-PERPETUAL,8663.85,sell,5000.0
46636371,74579955,1588291315124,2,8658.0,BTC-PERPETUAL,8663.85,sell,110.0
46636372,74579956,1588291315124,3,8658.0,BTC-PERPETUAL,8663.85,sell,20190.0
46636373,74579957,1588291315124,2,8657.5,BTC-PERPETUAL,8663.85,sell,500.0
46636374,74579958,1588291315124,2,8657.0,BTC-PERPETUAL,8663.85,sell,10.0
46636375,74579959,1588291315124,3,8657.0,BTC-PERPETUAL,8663.85,sell,2320.0
46636376,74579960,1588291315165,0,8657.5,BTC-PERPETUAL,8663.85,buy,2400.0
46636377,74579961,1588291315390,1,8657.5,BTC-PERPETUAL,8663.85,buy,3600.0
46636378,74579962,1588291315390,1,8657.5,BTC-PERPETUAL,8663.85,buy,2020.0
46636379,74579963,1588291315390,1,8657.5,BTC-PERPETUAL,8663.85,buy,100.0
46636380,74579964,1588291316585,0,8659.5,BTC-PERPETUAL,8664.04,buy,20.0
46636381,74579965,1588291316585,1,8659.5,BTC-PERPETUAL,8664.04,buy,100.0
46636382,74579968,1588291325393,0,8660.0,BTC-PERPETUAL,8662.22,buy,10.0
46636383,74579969,1588291325393,1,8660.0,BTC-PERPETUAL,8662.22,buy,10.0
46636384,74579970,1588291325393,1,8660.0,BTC-PERPETUAL,8662.22,buy,20.0
46636385,74579971,1588291325393,1,8660.0,BTC-PERPETUAL,8662.22,buy,100.0
46636386,74579974,1588291327301,0,8660.5,BTC-PERPETUAL,8663.59,sell,2400.0
46636387,74579975,1588291327307,1,8660.5,BTC-PERPETUAL,8663.59,sell,1200.0
46636388,74579976,1588291327307,1,8660.5,BTC-PERPETUAL,8663.59,sell,170.0
46636389,74579977,1588291327307,1,8660.5,BTC-PERPETUAL,8663.59,sell,2400.0
46636390,74579979,1588291327463,2,8660.0,BTC-PERPETUAL,8663.59,sell,240.0
46636391,74579980,1588291327463,3,8660.0,BTC-PERPETUAL,8663.59,sell,20.0
46636392,74579981,1588291327463,2,8659.5,BTC-PERPETUAL,8663.59,sell,10.0
46636393,74579982,1588291327463,3,8659.5,BTC-PERPETUAL,8663.59,sell,70.0
46636394,74579983,1588291327463,2,8659.0,BTC-PERPETUAL,8663.59,sell,2610.0
46636395,74579984,1588291327466,3,8659.0,BTC-PERPETUAL,8663.59,sell,250.0
46636396,74579985,1588291327466,3,8659.0,BTC-PERPETUAL,8663.59,sell,10.0
46636397,74579986,1588291327466,3,8659.0,BTC-PERPETUAL,8663.59,sell,10.0
46636398,74579987,1588291327466,2,8658.5,BTC-PERPETUAL,8663.59,sell,9040.0
46636399,74579988,1588291327466,3,8658.5,BTC-PERPETUAL,8663.59,sell,500.0
46636400,74579989,1588291327466,2,8658.0,BTC-PERPETUAL,8663.59,sell,100.0
46636401,74579990,1588291327466,3,8658.0,BTC-PERPETUAL,8663.59,sell,12940.0
46636402,74579991,1588291327474,3,8658.0,BTC-PERPETUAL,8663.59,sell,10890.0
46636403,74579992,1588291327474,3,8658.0,BTC-PERPETUAL,8663.59,sell,1590.0
46636404,74579994,1588291327651,2,8657.0,BTC-PERPETUAL,8663.59,sell,10.0
46636405,74579995,1588291327651,3,8657.0,BTC-PERPETUAL,8663.59,sell,20.0
46636406,74579996,1588291327651,2,8656.0,BTC-PERPETUAL,8663.59,sell,30.0
46636407,74579997,1588291327651,3,8656.0,BTC-PERPETUAL,8663.59,sell,220.0
46636408,74579999,1588291329608,2,8655.0,BTC-PERPETUAL,8659.21,sell,10.0
46636409,74580000,1588291329608,3,8655.0,BTC-PERPETUAL,8659.21,sell,100.0
46636410,74580001,1588291329608,2,8654.5,BTC-PERPETUAL,8659.21,sell,10.0
46636411,74580002,1588291329608,2,8654.0,BTC-PERPETUAL,8659.21,sell,10.0
46636412,74580003,1588291329608,2,8653.5,BTC-PERPETUAL,8659.21,sell,50.0
46636413,74580004,1588291329608,3,8653.5,BTC-PERPETUAL,8659.21,sell,10.0
46636414,74580005,1588291329608,3,8653.5,BTC-PERPETUAL,8659.21,sell,250.0
46636415,74580006,1588291329608,3,8653.5,BTC-PERPETUAL,8659.21,sell,20.0
46636416,74580007,1588291329608,2,8653.0,BTC-PERPETUAL,8659.21,sell,10.0
46636417,74580008,1588291329608,3,8653.0,BTC-PERPETUAL,8659.21,sell,110.0
46636418,74580010,1588291329634,2,8652.5,BTC-PERPETUAL,8659.21,sell,50.0
46636419,74580011,1588291329634,3,8652.5,BTC-PERPETUAL,8659.21,sell,10.0
46636420,74580012,1588291329634,3,8652.5,BTC-PERPETUAL,8659.21,sell,10.0
46636421,74580013,1588291329634,3,8652.5,BTC-PERPETUAL,8659.21,sell,170.0
46636422,74580014,1588291329683,3,8652.5,BTC-PERPETUAL,8659.21,sell,1500.0
46636423,74580016,1588291330091,3,8652.5,BTC-PERPETUAL,8658.78,sell,10.0
46636424,74580017,1588291330091,3,8652.5,BTC-PERPETUAL,8658.78,sell,950.0
46636425,74580019,1588291330097,2,8652.0,BTC-PERPETUAL,8658.78,sell,250.0
46636426,74580020,1588291330097,3,8652.0,BTC-PERPETUAL,8658.78,sell,50.0
46636427,74580022,1588291330100,2,8651.5,BTC-PERPETUAL,8658.78,sell,1000.0
46636428,74580023,1588291330100,3,8651.5,BTC-PERPETUAL,8658.78,sell,100.0
46636429,74580024,1588291330466,3,8651.5,BTC-PERPETUAL,8658.78,buy,720.0
46636430,74580025,1588291330466,3,8651.5,BTC-PERPETUAL,8658.78,buy,980.0
46636431,74580026,1588291330466,3,8651.5,BTC-PERPETUAL,8658.78,buy,700.0
46636432,74580031,1588291330910,2,8651.0,BTC-PERPETUAL,8658.07,sell,1000.0
46636433,74580032,1588291330910,3,8651.0,BTC-PERPETUAL,8658.07,sell,50.0
46636434,74580033,1588291330910,3,8651.0,BTC-PERPETUAL,8658.07,sell,10.0
46636435,74580034,1588291330910,3,8651.0,BTC-PERPETUAL,8658.07,sell,26800.0
46636436,74580035,1588291330910,3,8651.0,BTC-PERPETUAL,8658.07,sell,2000.0
46636437,74580036,1588291330910,3,8651.0,BTC-PERPETUAL,8658.07,sell,17300.0
46636438,74580037,1588291330910,2,8650.5,BTC-PERPETUAL,8658.07,sell,30.0
46636439,74580038,1588291330910,2,8650.0,BTC-PERPETUAL,8658.07,sell,10.0
46636440,74580039,1588291330910,3,8650.0,BTC-PERPETUAL,8658.07,sell,350.0
46636441,74580040,1588291330910,3,8650.0,BTC-PERPETUAL,8658.07,sell,200.0
46636442,74580041,1588291330910,2,8649.0,BTC-PERPETUAL,8658.07,sell,10.0
46636443,74580042,1588291330910,3,8649.0,BTC-PERPETUAL,8658.07,sell,20.0
46636444,74580043,1588291330910,2,8648.0,BTC-PERPETUAL,8658.07,sell,50.0
46636445,74580044,1588291330910,2,8647.5,BTC-PERPETUAL,8658.07,sell,80.0
46636446,74580045,1588291330910,2,8647.0,BTC-PERPETUAL,8658.07,sell,1000.0
46636447,74580046,1588291330910,3,8647.0,BTC-PERPETUAL,8658.07,sell,43270.0
46636448,74580047,1588291330910,2,8646.5,BTC-PERPETUAL,8658.07,sell,35000.0
46636449,74580048,1588291330910,2,8646.0,BTC-PERPETUAL,8658.07,sell,1000.0
46636450,74580049,1588291330910,3,8646.0,BTC-PERPETUAL,8658.07,sell,800.0
46636451,74580050,1588291330910,2,8645.5,BTC-PERPETUAL,8658.07,sell,1000.0
46636452,74580051,1588291330910,3,8645.5,BTC-PERPETUAL,8658.07,sell,760.0
46636453,74580052,1588291330910,3,8645.5,BTC-PERPETUAL,8658.07,sell,1800.0
46636454,74580053,1588291330910,3,8645.5,BTC-PERPETUAL,8658.07,sell,17460.0
46636455,74580056,1588291338339,0,8650.5,BTC-PERPETUAL,8653.11,sell,10.0
46636456,74580057,1588291338339,1,8650.5,BTC-PERPETUAL,8653.11,sell,100.0
46636457,74580058,1588291338339,1,8650.5,BTC-PERPETUAL,8653.11,sell,10.0
46636458,74580059,1588291338339,1,8650.5,BTC-PERPETUAL,8653.11,sell,10.0
46636459,74580060,1588291339674,2,8650.0,BTC-PERPETUAL,8652.24,sell,2000.0
46636460,74580061,1588291340966,3,8650.0,BTC-PERPETUAL,8651.53,sell,2870.0
46636461,74580062,1588291340966,3,8650.0,BTC-PERPETUAL,8651.53,sell,100.0
46636462,74580063,1588291340966,3,8650.0,BTC-PERPETUAL,8651.53,sell,18290.0
46636463,74580064,1588291340966,3,8650.0,BTC-PERPETUAL,8651.53,sell,700.0
46636464,74580065,1588291340966,3,8650.0,BTC-PERPETUAL,8651.53,sell,3600.0
46636465,74580066,1588291340966,3,8650.0,BTC-PERPETUAL,8651.53,sell,3600.0
46636466,74580067,1588291340966,3,8650.0,BTC-PERPETUAL,8651.53,sell,3600.0
46636467,74580068,1588291340966,2,8649.0,BTC-PERPETUAL,8651.53,sell,100.0
46636468,74580069,1588291340966,3,8649.0,BTC-PERPETUAL,8651.53,sell,1590.0
46636469,74580070,1588291340966,3,8649.0,BTC-PERPETUAL,8651.53,sell,500.0
46636470,74580071,1588291340966,3,8649.0,BTC-PERPETUAL,8651.53,sell,2000.0
46636471,74580072,1588291340966,2,8648.5,BTC-PERPETUAL,8651.53,sell,25490.0
46636472,74580073,1588291340966,3,8648.5,BTC-PERPETUAL,8651.53,sell,5000.0
46636473,74580074,1588291340966,2,8648.0,BTC-PERPETUAL,8651.53,sell,110.0
46636474,74580075,1588291340966,3,8648.0,BTC-PERPETUAL,8651.53,sell,20.0
46636475,74580076,1588291340966,2,8645.5,BTC-PERPETUAL,8651.53,sell,10.0
46636476,74580077,1588291340966,3,8645.5,BTC-PERPETUAL,8651.53,sell,250.0
46636477,74580078,1588291340966,2,8645.0,BTC-PERPETUAL,8651.53,sell,38000.0
46636478,74580079,1588291340966,3,8645.0,BTC-PERPETUAL,8651.53,sell,210.0
46636479,74580080,1588291340966,3,8645.0,BTC-PERPETUAL,8651.53,sell,10.0
46636480,74580081,1588291340966,3,8645.0,BTC-PERPETUAL,8651.53,sell,10.0
46636481,74580082,1588291340966,3,8645.0,BTC-PERPETUAL,8651.53,sell,19580.0
46636482,74580083,1588291340966,2,8644.5,BTC-PERPETUAL,8651.53,sell,10.0
46636483,74580084,1588291340966,3,8644.5,BTC-PERPETUAL,8651.53,sell,90.0
46636484,74580085,1588291340966,3,8644.5,BTC-PERPETUAL,8651.53,sell,3610.0
46636485,74580086,1588291340966,3,8644.5,BTC-PERPETUAL,8651.53,sell,20650.0
46636486,74580087,1588291340978,0,8645.0,BTC-PERPETUAL,8651.53,buy,4000.0
46636487,74580088,1588291340978,1,8645.0,BTC-PERPETUAL,8651.53,buy,2000.0
46636488,74580089,1588291340985,0,8645.5,BTC-PERPETUAL,8651.53,buy,4000.0
46636489,74580091,1588291344983,0,8648.0,BTC-PERPETUAL,8650.77,sell,2000.0
46636490,74580097,1588291351161,0,8648.5,BTC-PERPETUAL,8649.05,buy,3600.0
46636491,74580098,1588291351161,1,8648.5,BTC-PERPETUAL,8649.05,buy,20.0
46636492,74580099,1588291351161,1,8648.5,BTC-PERPETUAL,8649.05,buy,3600.0
46636493,74580100,1588291351161,1,8648.5,BTC-PERPETUAL,8649.05,buy,1420.0
46636494,74580101,1588291351798,1,8648.5,BTC-PERPETUAL,8649.05,buy,800.0
46636495,74580102,1588291355213,1,8648.5,BTC-PERPETUAL,8648.96,buy,1380.0
46636496,74580103,1588291355213,1,8648.5,BTC-PERPETUAL,8648.96,buy,20.0
46636497,74580104,1588291355213,1,8648.5,BTC-PERPETUAL,8648.96,buy,10.0
46636498,74580105,1588291355213,1,8648.5,BTC-PERPETUAL,8648.96,buy,20.0
46636499,74580106,1588291355213,1,8648.5,BTC-PERPETUAL,8648.96,buy,10.0
46636500,74580107,1588291355213,1,8648.5,BTC-PERPETUAL,8648.96,buy,1000.0
46636501,74580108,1588291355213,1,8648.5,BTC-PERPETUAL,8648.96,buy,2060.0
46636502,74580113,1588291357986,2,8648.0,BTC-PERPETUAL,8648.62,sell,20.0
46636503,74580114,1588291359117,3,8648.0,BTC-PERPETUAL,8648.7,sell,3980.0
46636504,74580115,1588291359117,3,8648.0,BTC-PERPETUAL,8648.7,sell,4000.0
46636505,74580116,1588291359117,3,8648.0,BTC-PERPETUAL,8648.7,sell,10.0
46636506,74580117,1588291359117,3,8648.0,BTC-PERPETUAL,8648.7,sell,70.0
46636507,74580118,1588291359121,3,8648.0,BTC-PERPETUAL,8648.7,sell,30.0
46636508,74580119,1588291359121,3,8648.0,BTC-PERPETUAL,8648.7,sell,10.0
46636509,74580120,1588291359121,3,8648.0,BTC-PERPETUAL,8648.7,sell,10.0
46636510,74580121,1588291359121,3,8648.0,BTC-PERPETUAL,8648.7,sell,970.0
46636511,74580122,1588291359121,3,8648.0,BTC-PERPETUAL,8648.7,sell,20.0
46636512,74580123,1588291359121,3,8648.0,BTC-PERPETUAL,8648.7,sell,560.0
46636513,74580124,1588291359121,3,8648.0,BTC-PERPETUAL,8648.7,sell,2060.0
46636514,74580125,1588291359121,3,8648.0,BTC-PERPETUAL,8648.7,sell,10.0
46636515,74580126,1588291359121,3,8648.0,BTC-PERPETUAL,8648.7,sell,10.0
46636516,74580127,1588291359615,2,8647.0,BTC-PERPETUAL,8648.7,sell,100.0
46636517,74580128,1588291359615,3,8647.0,BTC-PERPETUAL,8648.7,sell,7960.0
46636518,74580129,1588291359615,3,8647.0,BTC-PERPETUAL,8648.7,sell,20.0
46636519,74580130,1588291359615,3,8647.0,BTC-PERPETUAL,8648.7,sell,20.0
46636520,74580131,1588291359673,2,8646.0,BTC-PERPETUAL,8648.7,sell,1580.0
46636521,74580132,1588291362251,2,8645.5,BTC-PERPETUAL,8645.61,buy,8640.0
46636522,74580134,1588291364417,2,8645.0,BTC-PERPETUAL,8645.01,sell,60.0
46636523,74580135,1588291364417,3,8645.0,BTC-PERPETUAL,8645.01,sell,100.0
46636524,74580136,1588291364417,3,8645.0,BTC-PERPETUAL,8645.01,sell,10.0
46636525,74580137,1588291364417,3,8645.0,BTC-PERPETUAL,8645.01,sell,3540.0
46636526,74580138,1588291364417,3,8645.0,BTC-PERPETUAL,8645.01,sell,1570.0
46636527,74580139,1588291364419,2,8644.5,BTC-PERPETUAL,8645.01,sell,100.0
46636528,74580140,1588291364426,2,8644.0,BTC-PERPETUAL,8645.01,sell,10.0
46636529,74580143,1588291369748,2,8643.0,BTC-PERPETUAL,8641.24,sell,110.0
46636530,74580144,1588291369748,3,8643.0,BTC-PERPETUAL,8641.24,sell,10.0
46636531,74580145,1588291369748,3,8643.0,BTC-PERPETUAL,8641.24,sell,100.0
46636532,74580146,1588291369748,3,8643.0,BTC-PERPETUAL,8641.24,sell,2820.0
46636533,74580147,1588291369750,3,8643.0,BTC-PERPETUAL,8641.24,sell,100.0
46636534,74580148,1588291369751,3,8643.0,BTC-PERPETUAL,8641.24,sell,5720.0
46636535,74580149,1588291369751,3,8643.0,BTC-PERPETUAL,8641.24,sell,10.0
46636536,74580150,1588291369757,2,8642.5,BTC-PERPETUAL,8641.24,sell,130.0
46636537,74580151,1588291369757,3,8642.5,BTC-PERPETUAL,8641.24,sell,130.0
46636538,74580152,1588291369757,3,8642.5,BTC-PERPETUAL,8641.24,sell,100.0
46636539,74580153,1588291369882,2,8642.0,BTC-PERPETUAL,8641.24,sell,10.0
46636540,74580154,1588291369882,3,8642.0,BTC-PERPETUAL,8641.24,sell,10.0
46636541,74580155,1588291369882,3,8642.0,BTC-PERPETUAL,8641.24,sell,80.0
46636542,74580156,1588291370379,2,8641.5,BTC-PERPETUAL,8640.99,sell,10.0
46636543,74580157,1588291370379,3,8641.5,BTC-PERPETUAL,8640.99,sell,10.0
46636544,74580162,1588291371835,2,8640.0,BTC-PERPETUAL,8639.78,sell,10.0
46636545,74580163,1588291371835,3,8640.0,BTC-PERPETUAL,8639.78,sell,190.0
46636546,74580164,1588291371922,3,8640.0,BTC-PERPETUAL,8639.78,sell,170.0
46636547,74580165,1588291371922,3,8640.0,BTC-PERPETUAL,8639.78,sell,10.0
46636548,74580166,1588291371970,3,8640.0,BTC-PERPETUAL,8639.78,sell,90.0
46636549,74580167,1588291371970,3,8640.0,BTC-PERPETUAL,8639.78,sell,10.0
46636550,74580168,1588291371970,3,8640.0,BTC-PERPETUAL,8639.78,sell,100.0
46636551,74580169,1588291372011,2,8639.0,BTC-PERPETUAL,8640.03,sell,10.0
46636552,74580172,1588291372147,2,8638.5,BTC-PERPETUAL,8640.03,sell,20.0
46636553,74580173,1588291372147,3,8638.5,BTC-PERPETUAL,8640.03,sell,20.0
46636554,74580174,1588291372155,2,8638.0,BTC-PERPETUAL,8640.03,sell,130.0
46636555,74580175,1588291372155,3,8638.0,BTC-PERPETUAL,8640.03,sell,130.0
46636556,74580176,1588291372155,3,8638.0,BTC-PERPETUAL,8640.03,sell,10.0
46636557,74580177,1588291372155,3,8638.0,BTC-PERPETUAL,8640.03,sell,110.0
46636558,74580180,1588291372205,2,8637.5,BTC-PERPETUAL,8640.03,sell,200.0
46636559,74580181,1588291372205,3,8637.5,BTC-PERPETUAL,8640.03,sell,200.0
46636560,74580182,1588291372222,2,8637.0,BTC-PERPETUAL,8640.03,sell,10.0
46636561,74580183,1588291372222,3,8637.0,BTC-PERPETUAL,8640.03,sell,30.0
46636562,74580184,1588291372222,3,8637.0,BTC-PERPETUAL,8640.03,sell,20.0
46636563,74580185,1588291372255,2,8636.5,BTC-PERPETUAL,8640.03,sell,10.0
46636564,74580186,1588291372337,2,8636.0,BTC-PERPETUAL,8640.03,sell,1000.0
46636565,74580187,1588291372465,2,8635.5,BTC-PERPETUAL,8640.03,sell,170.0
46636566,74580189,1588291372498,2,8635.0,BTC-PERPETUAL,8640.03,sell,270.0
46636567,74580190,1588291372526,3,8635.0,BTC-PERPETUAL,8640.03,sell,730.0
46636568,74580191,1588291372526,3,8635.0,BTC-PERPETUAL,8640.03,sell,30.0
46636569,74580192,1588291372526,3,8635.0,BTC-PERPETUAL,8640.03,sell,30.0
46636570,74580195,1588291374335,2,8634.5,BTC-PERPETUAL,8636.16,buy,2000.0
46636571,74580196,1588291374335,3,8634.5,BTC-PERPETUAL,8636.16,buy,2000.0
46636572,74580197,1588291374335,3,8634.5,BTC-PERPETUAL,8636.16,buy,1800.0
46636573,74580198,1588291374335,3,8634.5,BTC-PERPETUAL,8636.16,buy,170.0
46636574,74580199,1588291374335,3,8634.5,BTC-PERPETUAL,8636.16,buy,2000.0
46636575,74580200,1588291374335,3,8634.5,BTC-PERPETUAL,8636.16,buy,10000.0
46636576,74580201,1588291374335,3,8634.5,BTC-PERPETUAL,8636.16,buy,20.0
46636577,74580204,1588291374339,0,8635.0,BTC-PERPETUAL,8636.16,buy,9570.0
46636578,74580205,1588291374339,1,8635.0,BTC-PERPETUAL,8636.16,buy,20050.0
46636579,74580208,1588291374342,1,8635.0,BTC-PERPETUAL,8636.16,buy,3770.0
46636580,74580209,1588291374343,1,8635.0,BTC-PERPETUAL,8636.16,buy,10.0
46636581,74580212,1588291374369,1,8635.0,BTC-PERPETUAL,8636.16,buy,310.0
46636582,74580213,1588291374379,1,8635.0,BTC-PERPETUAL,8636.16,buy,1490.0
46636583,74580214,1588291376150,0,8635.5,BTC-PERPETUAL,8637.6,buy,50.0
46636584,74580215,1588291376973,1,8635.5,BTC-PERPETUAL,8637.6,buy,60.0
46636585,74580216,1588291380841,1,8635.5,BTC-PERPETUAL,8636.17,buy,10.0
46636586,74580217,1588291382947,1,8635.5,BTC-PERPETUAL,8635.44,buy,740.0
46636587,74580218,1588291382947,1,8635.5,BTC-PERPETUAL,8635.44,buy,40.0
46636588,74580219,1588291382947,1,8635.5,BTC-PERPETUAL,8635.44,buy,20.0
46636589,74580220,1588291382947,1,8635.5,BTC-PERPETUAL,8635.44,buy,10.0
46636590,74580221,1588291382947,1,8635.5,BTC-PERPETUAL,8635.44,buy,3600.0
46636591,74580222,1588291382947,1,8635.5,BTC-PERPETUAL,8635.44,buy,3600.0
46636592,74580223,1588291382947,1,8635.5,BTC-PERPETUAL,8635.44,buy,3600.0
46636593,74580224,1588291382947,1,8635.5,BTC-PERPETUAL,8635.44,buy,120.0
46636594,74580225,1588291382947,1,8635.5,BTC-PERPETUAL,8635.44,buy,10.0
46636595,74580227,1588291382963,0,8636.5,BTC-PERPETUAL,8635.44,buy,110.0
46636596,74580229,1588291385410,0,8638.5,BTC-PERPETUAL,8637.41,buy,10.0
46636597,74580230,1588291385410,1,8638.5,BTC-PERPETUAL,8637.41,buy,1000.0
46636598,74580231,1588291385410,1,8638.5,BTC-PERPETUAL,8637.41,buy,10.0
46636599,74580232,1588291385410,0,8639.5,BTC-PERPETUAL,8637.41,buy,20.0
46636600,74580233,1588291385410,0,8640.0,BTC-PERPETUAL,8637.41,buy,10.0
46636601,74580234,1588291385410,1,8640.0,BTC-PERPETUAL,8637.41,buy,250.0
46636602,74580235,1588291385410,0,8640.5,BTC-PERPETUAL,8637.41,buy,10.0
46636603,74580236,1588291385410,0,8641.0,BTC-PERPETUAL,8637.41,buy,100.0
46636604,74580237,1588291385410,0,8642.0,BTC-PERPETUAL,8637.41,buy,120.0
46636605,74580238,1588291385410,1,8642.0,BTC-PERPETUAL,8637.41,buy,7100.0
46636606,74580242,1588291388092,1,8642.0,BTC-PERPETUAL,8637.77,buy,1000.0
46636607,74580243,1588291388092,1,8642.0,BTC-PERPETUAL,8637.77,buy,60.0
46636608,74580244,1588291388099,0,8642.5,BTC-PERPETUAL,8637.77,buy,1000.0
46636609,74580245,1588291388099,1,8642.5,BTC-PERPETUAL,8637.77,buy,100.0
46636610,74580246,1588291388099,1,8642.5,BTC-PERPETUAL,8637.77,buy,10.0
46636611,74580247,1588291388099,1,8642.5,BTC-PERPETUAL,8637.77,buy,20.0
46636612,74580248,1588291388106,0,8643.0,BTC-PERPETUAL,8637.77,buy,1000.0
46636613,74580252,1588291394135,0,8645.0,BTC-PERPETUAL,8642.41,buy,1000.0
46636614,74580253,1588291394135,1,8645.0,BTC-PERPETUAL,8642.41,buy,10.0
46636615,74580254,1588291394135,1,8645.0,BTC-PERPETUAL,8642.41,buy,100.0
46636616,74580255,1588291394135,1,8645.0,BTC-PERPETUAL,8642.41,buy,30.0
46636617,74580256,1588291395386,0,8647.5,BTC-PERPETUAL,8646.01,buy,200.0
46636618,74580257,1588291395386,1,8647.5,BTC-PERPETUAL,8646.01,buy,200.0
46636619,74580258,1588291395386,1,8647.5,BTC-PERPETUAL,8646.01,buy,250.0
46636620,74580259,1588291395394,0,8648.0,BTC-PERPETUAL,8646.01,buy,130.0
46636621,74580260,1588291395394,1,8648.0,BTC-PERPETUAL,8646.01,buy,130.0
46636622,74580261,1588291395394,1,8648.0,BTC-PERPETUAL,8646.01,buy,30.0
46636623,74580262,1588291395394,1,8648.0,BTC-PERPETUAL,8646.01,buy,6900.0
46636624,74580263,1588291395395,1,8648.0,BTC-PERPETUAL,8646.01,buy,15300.0
46636625,74580264,1588291395396,1,8648.0,BTC-PERPETUAL,8646.01,buy,1640.0
46636626,74580265,1588291395785,0,8648.5,BTC-PERPETUAL,8646.01,buy,20.0
46636627,74580266,1588291395785,1,8648.5,BTC-PERPETUAL,8646.01,buy,20.0
46636628,74580270,1588291396088,0,8649.5,BTC-PERPETUAL,8646.01,buy,10.0
46636629,74580271,1588291396088,1,8649.5,BTC-PERPETUAL,8646.01,buy,20.0
46636630,74580272,1588291396093,0,8650.0,BTC-PERPETUAL,8646.01,buy,10.0
46636631,74580273,1588291396093,1,8650.0,BTC-PERPETUAL,8646.01,buy,350.0
46636632,74580274,1588291396104,0,8650.5,BTC-PERPETUAL,8646.01,buy,80.0
46636633,74580278,1588291396164,0,8651.0,BTC-PERPETUAL,8646.01,buy,100.0
46636634,74580280,1588291396177,0,8651.5,BTC-PERPETUAL,8646.01,buy,320.0
46636635,74580281,1588291396177,1,8651.5,BTC-PERPETUAL,8646.01,buy,10.0
46636636,74580282,1588291396177,1,8651.5,BTC-PERPETUAL,8646.01,buy,20.0
46636637,74580283,1588291396903,0,8652.0,BTC-PERPETUAL,8647.02,buy,10.0
46636638,74580284,1588291396903,1,8652.0,BTC-PERPETUAL,8647.02,buy,10.0
46636639,74580287,1588291400328,0,8653.0,BTC-PERPETUAL,8650.63,sell,2400.0
46636640,74580288,1588291400330,1,8653.0,BTC-PERPETUAL,8650.63,sell,1200.0
46636641,74580289,1588291400330,1,8653.0,BTC-PERPETUAL,8650.63,sell,3600.0
46636642,74580290,1588291400330,1,8653.0,BTC-PERPETUAL,8650.63,sell,3600.0
46636643,74580291,1588291400330,1,8653.0,BTC-PERPETUAL,8650.63,sell,500.0
46636644,74580292,1588291400330,1,8653.0,BTC-PERPETUAL,8650.63,sell,20.0
46636645,74580293,1588291400330,1,8653.0,BTC-PERPETUAL,8650.63,sell,4320.0
46636646,74580294,1588291400330,1,8653.0,BTC-PERPETUAL,8650.63,sell,250.0
46636647,74580295,1588291400330,1,8653.0,BTC-PERPETUAL,8650.63,sell,100.0
46636648,74580296,1588291400330,1,8653.0,BTC-PERPETUAL,8650.63,sell,8650.0
46636649,74580297,1588291400330,1,8653.0,BTC-PERPETUAL,8650.63,sell,2190.0
46636650,74580299,1588291401317,2,8651.0,BTC-PERPETUAL,8649.45,buy,2400.0
46636651,74580300,1588291401317,3,8651.0,BTC-PERPETUAL,8649.45,buy,3600.0
46636652,74580301,1588291401317,3,8651.0,BTC-PERPETUAL,8649.45,buy,4000.0
46636653,74580302,1588291401439,3,8651.0,BTC-PERPETUAL,8649.45,buy,3000.0
46636654,74580303,1588291404626,2,8650.5,BTC-PERPETUAL,8649.3,sell,2000.0
46636655,74580304,1588291404626,3,8650.5,BTC-PERPETUAL,8649.3,sell,20.0
46636656,74580305,1588291404626,3,8650.5,BTC-PERPETUAL,8649.3,sell,10.0
46636657,74580306,1588291404626,3,8650.5,BTC-PERPETUAL,8649.3,sell,2400.0
46636658,74580307,1588291404626,3,8650.5,BTC-PERPETUAL,8649.3,sell,3600.0
46636659,74580308,1588291404626,3,8650.5,BTC-PERPETUAL,8649.3,sell,10.0
46636660,74580309,1588291404626,3,8650.5,BTC-PERPETUAL,8649.3,sell,360.0
46636661,74580310,1588291404628,3,8650.5,BTC-PERPETUAL,8649.3,sell,190.0
46636662,74580312,1588291404820,2,8648.0,BTC-PERPETUAL,8649.3,sell,10.0
46636663,74580313,1588291404820,3,8648.0,BTC-PERPETUAL,8649.3,sell,130.0
46636664,74580314,1588291404820,3,8648.0,BTC-PERPETUAL,8649.3,sell,20.0
46636665,74580315,1588291404820,3,8648.0,BTC-PERPETUAL,8649.3,sell,1000.0
46636666,74580323,1588291405016,2,8646.0,BTC-PERPETUAL,8649.3,sell,370.0
46636667,74580324,1588291405026,3,8646.0,BTC-PERPETUAL,8649.3,sell,10510.0
46636668,74580325,1588291405026,3,8646.0,BTC-PERPETUAL,8649.3,sell,500.0
46636669,74580326,1588291405244,2,8645.0,BTC-PERPETUAL,8646.87,sell,220.0
46636670,74580328,1588291407925,3,8645.0,BTC-PERPETUAL,8645.03,sell,1340.0
46636671,74580329,1588291407925,3,8645.0,BTC-PERPETUAL,8645.03,sell,10.0
46636672,74580330,1588291407925,3,8645.0,BTC-PERPETUAL,8645.03,sell,1000.0
46636673,74580331,1588291407925,3,8645.0,BTC-PERPETUAL,8645.03,sell,10.0
46636674,74580332,1588291407925,3,8645.0,BTC-PERPETUAL,8645.03,sell,10.0
46636675,74580333,1588291407932,2,8644.5,BTC-PERPETUAL,8645.03,sell,10.0
46636676,74580334,1588291407932,3,8644.5,BTC-PERPETUAL,8645.03,sell,1000.0
46636677,74580335,1588291407932,3,8644.5,BTC-PERPETUAL,8645.03,sell,100.0
46636678,74580336,1588291407938,2,8644.0,BTC-PERPETUAL,8645.03,sell,20.0
46636679,74580337,1588291408233,2,8643.5,BTC-PERPETUAL,8645.03,sell,10.0
46636680,74580338,1588291408271,2,8643.0,BTC-PERPETUAL,8642.68,sell,1000.0
46636681,74580342,1588291430126,3,8643.0,BTC-PERPETUAL,8643.32,buy,20.0
46636682,74580343,1588291431456,2,8642.5,BTC-PERPETUAL,8643.42,sell,100.0
46636683,74580344,1588291431456,3,8642.5,BTC-PERPETUAL,8643.42,sell,10.0
46636684,74580345,1588291431456,3,8642.5,BTC-PERPETUAL,8643.42,sell,10.0
46636685,74580346,1588291431456,3,8642.5,BTC-PERPETUAL,8643.42,sell,1000.0
46636686,74580347,1588291431456,3,8642.5,BTC-PERPETUAL,8643.42,sell,10.0
46636687,74580348,1588291431456,3,8642.5,BTC-PERPETUAL,8643.42,sell,10.0
46636688,74580349,1588291431456,3,8642.5,BTC-PERPETUAL,8643.42,sell,1920.0
46636689,74580350,1588291438345,0,8643.0,BTC-PERPETUAL,8643.09,buy,10.0
46636690,74580351,1588291440788,1,8643.0,BTC-PERPETUAL,8643.35,buy,10.0
46636691,74580352,1588291440788,1,8643.0,BTC-PERPETUAL,8643.35,buy,2390.0
46636692,74580353,1588291440817,1,8643.0,BTC-PERPETUAL,8643.35,buy,61010.0
46636693,74580354,1588291440817,1,8643.0,BTC-PERPETUAL,8643.35,buy,20.0
46636694,74580355,1588291440817,1,8643.0,BTC-PERPETUAL,8643.35,buy,10.0
46636695,74580357,1588291440819,0,8644.0,BTC-PERPETUAL,8643.35,buy,7860.0
46636696,74580358,1588291440823,0,8644.5,BTC-PERPETUAL,8643.35,buy,180.0
46636697,74580359,1588291440823,1,8644.5,BTC-PERPETUAL,8643.35,buy,100.0
46636698,74580360,1588291441046,0,8645.0,BTC-PERPETUAL,8643.35,buy,100.0
46636699,74580361,1588291441046,1,8645.0,BTC-PERPETUAL,8643.35,buy,1550.0
46636700,74580362,1588291441046,1,8645.0,BTC-PERPETUAL,8643.35,buy,20.0
46636701,74580369,1588291441384,0,8647.0,BTC-PERPETUAL,8643.35,buy,10.0
46636702,74580370,1588291441384,1,8647.0,BTC-PERPETUAL,8643.35,buy,4320.0
46636703,74580371,1588291441384,0,8647.5,BTC-PERPETUAL,8643.35,buy,10.0
46636704,74580376,1588291441392,0,8648.0,BTC-PERPETUAL,8643.35,buy,20.0
46636705,74580377,1588291441395,0,8648.5,BTC-PERPETUAL,8643.35,buy,5200.0
46636706,74580378,1588291441396,1,8648.5,BTC-PERPETUAL,8643.35,buy,140.0
46636707,74580382,1588291441944,0,8649.5,BTC-PERPETUAL,8645.95,buy,1260.0
46636708,74580383,1588291441944,1,8649.5,BTC-PERPETUAL,8645.95,buy,710.0
46636709,74580384,1588291441946,1,8649.5,BTC-PERPETUAL,8645.95,buy,550.0
46636710,74580385,1588291441946,1,8649.5,BTC-PERPETUAL,8645.95,buy,10380.0
46636711,74580386,1588291441947,1,8649.5,BTC-PERPETUAL,8645.95,buy,13470.0
46636712,74580388,1588291442220,0,8650.5,BTC-PERPETUAL,8645.95,buy,20.0
46636713,74580391,1588291446606,0,8651.0,BTC-PERPETUAL,8649.6,buy,10.0
46636714,74580392,1588291446606,1,8651.0,BTC-PERPETUAL,8649.6,buy,10.0
46636715,74580393,1588291446606,1,8651.0,BTC-PERPETUAL,8649.6,buy,100.0
46636716,74580394,1588291446606,1,8651.0,BTC-PERPETUAL,8649.6,buy,100.0
46636717,74580395,1588291446606,1,8651.0,BTC-PERPETUAL,8649.6,buy,860.0
46636718,74580396,1588291446637,0,8652.0,BTC-PERPETUAL,8649.6,buy,30.0
46636719,74580397,1588291446727,0,8653.0,BTC-PERPETUAL,8649.6,buy,110.0
46636720,74580398,1588291446765,1,8653.0,BTC-PERPETUAL,8649.6,buy,490.0
46636721,74580399,1588291446765,1,8653.0,BTC-PERPETUAL,8649.6,buy,20.0
46636722,74580400,1588291446765,1,8653.0,BTC-PERPETUAL,8649.6,buy,1000.0
46636723,74580402,1588291446772,0,8653.5,BTC-PERPETUAL,8649.6,buy,110.0
46636724,74580404,1588291446894,0,8654.5,BTC-PERPETUAL,8649.6,buy,10.0
46636725,74580405,1588291446894,1,8654.5,BTC-PERPETUAL,8649.6,buy,10.0
46636726,74580406,1588291446894,1,8654.5,BTC-PERPETUAL,8649.6,buy,130.0
46636727,74580410,1588291451437,2,8654.0,BTC-PERPETUAL,8651.84,sell,20.0
46636728,74580411,1588291451437,3,8654.0,BTC-PERPETUAL,8651.84,sell,10.0
46636729,74580412,1588291451437,3,8654.0,BTC-PERPETUAL,8651.84,sell,10.0
46636730,74580413,1588291451437,3,8654.0,BTC-PERPETUAL,8651.84,sell,50.0
46636731,74580414,1588291451442,2,8653.5,BTC-PERPETUAL,8651.84,sell,10.0
46636732,74580415,1588291451442,3,8653.5,BTC-PERPETUAL,8651.84,sell,10.0
46636733,74580416,1588291451446,2,8652.0,BTC-PERPETUAL,8651.84,sell,170.0
46636734,74580417,1588291451446,2,8651.5,BTC-PERPETUAL,8651.84,sell,250.0
46636735,74580418,1588291451446,3,8651.5,BTC-PERPETUAL,8651.84,sell,20970.0
46636736,74580420,1588291451451,3,8651.5,BTC-PERPETUAL,8651.84,sell,10.0
46636737,74580423,1588291451492,2,8651.0,BTC-PERPETUAL,8651.84,sell,250.0
46636738,74580424,1588291451492,3,8651.0,BTC-PERPETUAL,8651.84,sell,250.0
46636739,74580425,1588291451492,3,8651.0,BTC-PERPETUAL,8651.84,sell,20.0
46636740,74580426,1588291451496,2,8650.5,BTC-PERPETUAL,8651.84,sell,2800.0
46636741,74580427,1588291451499,3,8650.5,BTC-PERPETUAL,8651.84,sell,6920.0
46636742,74580428,1588291451499,3,8650.5,BTC-PERPETUAL,8651.84,sell,660.0
46636743,74580429,1588291451503,3,8650.5,BTC-PERPETUAL,8651.84,sell,3660.0
46636744,74580430,1588291451517,2,8650.0,BTC-PERPETUAL,8651.84,sell,4020.0
46636745,74580431,1588291451517,3,8650.0,BTC-PERPETUAL,8651.84,sell,4580.0
46636746,74580434,1588291451521,3,8650.0,BTC-PERPETUAL,8651.84,sell,9140.0
46636747,74580437,1588291451523,3,8650.0,BTC-PERPETUAL,8651.84,sell,10140.0
46636748,74580440,1588291451540,2,8649.5,BTC-PERPETUAL,8651.84,sell,10.0
46636749,74580441,1588291451540,3,8649.5,BTC-PERPETUAL,8651.84,sell,16280.0
46636750,74580446,1588291451576,3,8649.5,BTC-PERPETUAL,8651.84,sell,7300.0
46636751,74580451,1588291451614,3,8649.5,BTC-PERPETUAL,8651.47,sell,11420.0
46636752,74580452,1588291451709,2,8649.0,BTC-PERPETUAL,8651.47,sell,1540.0
46636753,74580455,1588291452015,2,8647.0,BTC-PERPETUAL,8651.47,sell,100.0
46636754,74580456,1588291452015,3,8647.0,BTC-PERPETUAL,8651.47,sell,150.0
46636755,74580457,1588291452018,3,8647.0,BTC-PERPETUAL,8651.47,sell,250.0
46636756,74580459,1588291452561,3,8647.0,BTC-PERPETUAL,8651.47,sell,20.0
46636757,74580460,1588291452746,3,8647.0,BTC-PERPETUAL,8648.75,sell,1770.0
46636758,74580461,1588291453183,3,8647.0,BTC-PERPETUAL,8648.75,sell,2200.0
46636759,74580462,1588291453184,3,8647.0,BTC-PERPETUAL,8648.75,sell,7360.0
46636760,74580463,1588291453186,3,8647.0,BTC-PERPETUAL,8648.75,sell,3090.0
46636761,74580464,1588291453377,3,8647.0,BTC-PERPETUAL,8648.75,sell,2850.0
46636762,74580465,1588291453379,3,8647.0,BTC-PERPETUAL,8648.75,sell,3020.0
46636763,74580466,1588291453380,3,8647.0,BTC-PERPETUAL,8648.75,sell,60.0
46636764,74580467,1588291453380,3,8647.0,BTC-PERPETUAL,8648.75,sell,130.0
46636765,74580468,1588291453380,3,8647.0,BTC-PERPETUAL,8648.75,sell,10.0
46636766,74580469,1588291453391,2,8646.0,BTC-PERPETUAL,8648.75,sell,20.0
46636767,74580470,1588291454234,2,8645.5,BTC-PERPETUAL,8646.89,sell,10.0
46636768,74580471,1588291454243,3,8645.5,BTC-PERPETUAL,8646.89,sell,100.0
46636769,74580473,1588291455868,2,8645.0,BTC-PERPETUAL,8646.21,buy,1300.0
46636770,74580474,1588291477005,2,8644.5,BTC-PERPETUAL,8645.62,sell,100.0
46636771,74580475,1588291477005,3,8644.5,BTC-PERPETUAL,8645.62,sell,500.0
46636772,74580476,1588291493809,3,8644.5,BTC-PERPETUAL,8644.93,sell,150.0
46636773,74580477,1588291493809,3,8644.5,BTC-PERPETUAL,8644.93,sell,10.0
46636774,74580478,1588291493809,3,8644.5,BTC-PERPETUAL,8644.93,sell,10.0
46636775,74580479,1588291493809,3,8644.5,BTC-PERPETUAL,8644.93,sell,10.0
46636776,74580480,1588291493809,2,8644.0,BTC-PERPETUAL,8644.93,sell,50.0
46636777,74580481,1588291493809,2,8643.5,BTC-PERPETUAL,8644.93,sell,20.0
46636778,74580482,1588291493809,2,8642.5,BTC-PERPETUAL,8644.93,sell,10.0
46636779,74580483,1588291493809,3,8642.5,BTC-PERPETUAL,8644.93,sell,10000.0
46636780,74580484,1588291493809,2,8642.0,BTC-PERPETUAL,8644.93,sell,1000.0
46636781,74580485,1588291493809,3,8642.0,BTC-PERPETUAL,8644.93,sell,10.0
46636782,74580486,1588291493809,3,8642.0,BTC-PERPETUAL,8644.93,sell,10.0
46636783,74580487,1588291493809,3,8642.0,BTC-PERPETUAL,8644.93,sell,170.0
46636784,74580488,1588291493953,3,8642.0,BTC-PERPETUAL,8644.82,sell,80.0
46636785,74580489,1588291493953,3,8642.0,BTC-PERPETUAL,8644.82,sell,100.0
46636786,74580490,1588291493953,3,8642.0,BTC-PERPETUAL,8644.82,sell,20.0
46636787,74580491,1588291493953,3,8642.0,BTC-PERPETUAL,8644.82,sell,570.0
46636788,74580492,1588291493953,3,8642.0,BTC-PERPETUAL,8644.82,sell,250.0
46636789,74580493,1588291493953,3,8642.0,BTC-PERPETUAL,8644.82,sell,450.0
46636790,74580494,1588291493953,2,8641.0,BTC-PERPETUAL,8644.82,sell,10.0
46636791,74580495,1588291493953,2,8640.0,BTC-PERPETUAL,8644.82,sell,10.0
46636792,74580496,1588291493953,3,8640.0,BTC-PERPETUAL,8644.82,sell,360.0
46636793,74580497,1588291493953,3,8640.0,BTC-PERPETUAL,8644.82,sell,8150.0
46636794,74580522,1588291494206,3,8640.0,BTC-PERPETUAL,8644.82,sell,10.0
46636795,74580523,1588291494206,3,8640.0,BTC-PERPETUAL,8644.82,sell,1300.0
46636796,74580524,1588291494208,2,8639.5,BTC-PERPETUAL,8644.82,sell,10.0
46636797,74580532,1588291500122,2,8639.0,BTC-PERPETUAL,8638.67,buy,3600.0
46636798,74580533,1588291500122,3,8639.0,BTC-PERPETUAL,8638.67,buy,3600.0
46636799,74580534,1588291500122,3,8639.0,BTC-PERPETUAL,8638.67,buy,1000.0
46636800,74580535,1588291500122,3,8639.0,BTC-PERPETUAL,8638.67,buy,20.0
46636801,74580536,1588291500122,3,8639.0,BTC-PERPETUAL,8638.67,buy,1790.0
46636802,74580537,1588291500220,0,8640.0,BTC-PERPETUAL,8638.67,buy,1000.0
46636803,74580538,1588291500220,1,8640.0,BTC-PERPETUAL,8638.67,buy,250.0
46636804,74580539,1588291500220,1,8640.0,BTC-PERPETUAL,8638.67,buy,170.0
46636805,74580540,1588291500220,0,8640.5,BTC-PERPETUAL,8638.67,buy,1000.0
46636806,74580541,1588291500220,1,8640.5,BTC-PERPETUAL,8638.67,buy,4320.0
46636807,74580542,1588291502994,0,8641.0,BTC-PERPETUAL,8640.88,buy,500.0
