trade_seq,trade_id,timestamp,tick_direction,price,instrument_name,index_price,direction,amount,liquidation
45576147,73148323,1587427203614,2,6832.5,BTC-PERPETUAL,6838.65,buy,10.0,
45576148,73148327,1587427203807,3,6832.5,BTC-PERPETUAL,6838.56,buy,120.0,
45576149,73148329,1587427203809,3,6832.5,BTC-PERPETUAL,6838.56,buy,110.0,
45576150,73148331,1587427203887,3,6832.5,BTC-PERPETUAL,6838.56,buy,190.0,
45576151,73148333,1587427206091,2,6832.0,BTC-PERPETUAL,6836.96,sell,2700.0,
45576152,73148334,1587427206113,3,6832.0,BTC-PERPETUAL,6836.96,sell,460.0,
45576153,73148335,1587427206113,3,6832.0,BTC-PERPETUAL,6836.96,sell,30.0,
45576154,73148336,1587427206113,3,6832.0,BTC-PERPETUAL,6836.96,sell,10.0,
45576155,73148337,1587427206113,3,6832.0,BTC-PERPETUAL,6836.96,sell,540.0,
45576156,73148338,1587427206113,3,6832.0,BTC-PERPETUAL,6836.96,sell,10.0,
45576157,73148339,1587427206113,3,6832.0,BTC-PERPETUAL,6836.96,sell,10.0,
45576158,73148340,1587427206113,3,6832.0,BTC-PERPETUAL,6836.96,sell,350.0,
45576159,73148341,1587427206113,3,6832.0,BTC-PERPETUAL,6836.96,sell,40.0,
45576160,73148342,1587427206113,3,6832.0,BTC-PERPETUAL,6836.96,sell,40.0,
45576161,73148343,1587427206113,3,6832.0,BTC-PERPETUAL,6836.96,sell,310.0,
45576162,73148344,1587427206113,3,6832.0,BTC-PERPETUAL,6836.96,sell,90.0,
45576163,73148345,1587427206113,3,6832.0,BTC-PERPETUAL,6836.96,sell,400.0,
45576164,73148352,1587427218765,3,6832.0,BTC-PERPETUAL,6835.38,sell,100.0,
45576165,73148353,1587427218765,3,6832.0,BTC-PERPETUAL,6835.38,sell,10.0,
45576166,73148354,1587427218765,3,6832.0,BTC-PERPETUAL,6835.38,sell,10.0,
45576167,73148355,1587427218944,2,6831.5,BTC-PERPETUAL,6835.38,sell,80.0,
45576168,73148356,1587427218944,3,6831.5,BTC-PERPETUAL,6835.38,sell,970.0,
45576169,73148359,1587427224088,3,6831.5,BTC-PERPETUAL,6834.39,sell,2000.0,
45576170,73148360,1587427224089,3,6831.5,BTC-PERPETUAL,6834.39,sell,3700.0,
45576171,73148361,1587427224090,3,6831.5,BTC-PERPETUAL,6834.39,sell,1330.0,
45576172,73148362,1587427224092,3,6831.5,BTC-PERPETUAL,6834.39,sell,2000.0,
45576173,73148363,1587427224092,3,6831.5,BTC-PERPETUAL,6834.39,sell,60.0,
45576174,73148364,1587427224092,3,6831.5,BTC-PERPETUAL,6834.39,sell,10.0,
45576175,73148365,1587427224113,2,6831.0,BTC-PERPETUAL,6834.39,sell,770.0,
45576176,73148366,1587427224113,3,6831.0,BTC-PERPETUAL,6834.39,sell,40.0,
45576177,73148367,1587427224177,2,6830.5,BTC-PERPETUAL,6834.39,sell,280.0,
45576178,73148368,1587427224177,3,6830.5,BTC-PERPETUAL,6834.39,sell,50.0,
45576179,73148369,1587427224177,3,6830.5,BTC-PERPETUAL,6834.39,sell,100.0,
45576180,73148370,1587427224598,2,6830.0,BTC-PERPETUAL,6834.39,sell,10.0,
45576181,73148371,1587427224598,3,6830.0,BTC-PERPETUAL,6834.39,sell,340.0,
45576182,73148372,1587427224598,3,6830.0,BTC-PERPETUAL,6834.39,sell,10.0,
45576183,73148373,1587427224598,3,6830.0,BTC-PERPETUAL,6834.39,sell,10.0,
45576184,73148374,1587427224598,3,6830.0,BTC-PERPETUAL,6834.39,sell,10.0,
45576185,73148375,1587427224598,3,6830.0,BTC-PERPETUAL,6834.39,sell,10.0,
45576186,73148376,1587427224598,3,6830.0,BTC-PERPETUAL,6834.39,sell,10.0,
45576187,73148377,1587427226292,2,6829.5,BTC-PERPETUAL,6833.04,sell,770.0,
45576188,73148378,1587427226292,3,6829.5,BTC-PERPETUAL,6833.04,sell,160.0,
45576189,73148379,1587427226292,3,6829.5,BTC-PERPETUAL,6833.04,sell,250.0,
45576190,73148380,1587427226292,3,6829.5,BTC-PERPETUAL,6833.04,sell,200.0,
45576191,73148381,1587427226292,3,6829.5,BTC-PERPETUAL,6833.04,sell,100.0,
45576192,73148382,1587427226292,3,6829.5,BTC-PERPETUAL,6833.04,sell,30.0,
45576193,73148385,1587427226907,2,6828.5,BTC-PERPETUAL,6832.61,sell,250.0,
45576194,73148386,1587427227008,2,6828.0,BTC-PERPETUAL,6832.61,sell,10.0,
45576195,73148387,1587427227008,3,6828.0,BTC-PERPETUAL,6832.61,sell,40.0,
45576196,73148388,1587427227008,3,6828.0,BTC-PERPETUAL,6832.61,sell,40.0,
45576197,73148390,1587427227023,2,6827.5,BTC-PERPETUAL,6832.61,sell,50.0,
45576198,73148393,1587427227821,2,6827.0,BTC-PERPETUAL,6831.4,sell,110.0,
45576199,73148394,1587427227821,3,6827.0,BTC-PERPETUAL,6831.4,sell,390.0,
45576200,73148395,1587427227822,3,6827.0,BTC-PERPETUAL,6831.4,sell,60.0,
45576201,73148396,1587427227822,3,6827.0,BTC-PERPETUAL,6831.4,sell,100.0,
45576202,73148397,1587427227822,3,6827.0,BTC-PERPETUAL,6831.4,sell,20.0,
45576203,73148398,1587427227822,3,6827.0,BTC-PERPETUAL,6831.4,sell,70.0,
45576204,73148399,1587427229469,2,6826.5,BTC-PERPETUAL,6831.59,sell,280.0,
45576205,73148400,1587427229492,3,6826.5,BTC-PERPETUAL,6831.59,sell,450.0,
45576206,73148401,1587427229958,3,6826.5,BTC-PERPETUAL,6831.36,sell,40.0,
45576207,73148402,1587427229958,3,6826.5,BTC-PERPETUAL,6831.36,sell,70.0,
45576208,73148403,1587427229958,3,6826.5,BTC-PERPETUAL,6831.36,sell,500.0,
45576209,73148404,1587427229958,2,6826.0,BTC-PERPETUAL,6831.36,sell,300.0,
45576210,73148405,1587427229958,3,6826.0,BTC-PERPETUAL,6831.36,sell,40.0,
45576211,73148406,1587427229958,2,6825.5,BTC-PERPETUAL,6831.36,sell,420.0,
45576212,73148407,1587427229968,3,6825.5,BTC-PERPETUAL,6831.36,sell,390.0,
45576213,73148408,1587427229968,2,6825.0,BTC-PERPETUAL,6831.36,sell,230.0,
45576214,73148409,1587427229968,3,6825.0,BTC-PERPETUAL,6831.36,sell,230.0,
45576215,73148410,1587427229968,3,6825.0,BTC-PERPETUAL,6831.36,sell,10.0,
45576216,73148411,1587427229968,3,6825.0,BTC-PERPETUAL,6831.36,sell,4420.0,
45576217,73148412,1587427230099,3,6825.0,BTC-PERPETUAL,6831.36,sell,10.0,
45576218,73148413,1587427231421,3,6825.0,BTC-PERPETUAL,6830.69,sell,2500.0,
45576219,73148421,1587427233766,3,6825.0,BTC-PERPETUAL,6830.44,sell,1400.0,
45576220,73148422,1587427233766,3,6825.0,BTC-PERPETUAL,6830.44,sell,70.0,
45576221,73148423,1587427233766,2,6824.5,BTC-PERPETUAL,6830.44,sell,50.0,
45576222,73148424,1587427233766,3,6824.5,BTC-PERPETUAL,6830.44,sell,330.0,
45576223,73148425,1587427233766,3,6824.5,BTC-PERPETUAL,6830.44,sell,400.0,
45576224,73148426,1587427233766,2,6824.0,BTC-PERPETUAL,6830.44,sell,10.0,
45576225,73148427,1587427233766,3,6824.0,BTC-PERPETUAL,6830.44,sell,240.0,
45576226,73148428,1587427233844,3,6824.0,BTC-PERPETUAL,6830.24,sell,10.0,
45576227,73148429,1587427234598,3,6824.0,BTC-PERPETUAL,6830.24,sell,30.0,
45576228,73148430,1587427235469,3,6824.0,BTC-PERPETUAL,6829.87,sell,220.0,
45576229,73148431,1587427235469,3,6824.0,BTC-PERPETUAL,6829.87,sell,40.0,
45576230,73148432,1587427235469,3,6824.0,BTC-PERPETUAL,6829.87,sell,10.0,
45576231,73148433,1587427235469,3,6824.0,BTC-PERPETUAL,6829.87,sell,10.0,
45576232,73148434,1587427235469,3,6824.0,BTC-PERPETUAL,6829.87,sell,10.0,
45576233,73148435,1587427235469,3,6824.0,BTC-PERPETUAL,6829.87,sell,300.0,
45576234,73148436,1587427235469,2,6823.5,BTC-PERPETUAL,6829.87,sell,200.0,
45576235,73148437,1587427235469,2,6823.0,BTC-PERPETUAL,6829.87,sell,4210.0,
45576236,73148438,1587427235486,3,6823.0,BTC-PERPETUAL,6829.87,sell,1000.0,
45576237,73148439,1587427239705,3,6823.0,BTC-PERPETUAL,6829.94,sell,4790.0,
45576238,73148440,1587427239705,3,6823.0,BTC-PERPETUAL,6829.94,sell,20.0,
45576239,73148441,1587427239705,3,6823.0,BTC-PERPETUAL,6829.94,sell,60.0,
45576240,73148442,1587427239705,3,6823.0,BTC-PERPETUAL,6829.94,sell,30.0,
45576241,73148443,1587427239705,3,6823.0,BTC-PERPETUAL,6829.94,sell,10.0,
45576242,73148444,1587427239705,3,6823.0,BTC-PERPETUAL,6829.94,sell,540.0,
45576243,73148445,1587427239705,3,6823.0,BTC-PERPETUAL,6829.94,sell,10.0,
45576244,73148446,1587427239705,3,6823.0,BTC-PERPETUAL,6829.94,sell,100.0,
45576245,73148447,1587427239705,2,6822.5,BTC-PERPETUAL,6829.94,sell,320.0,
45576246,73148448,1587427239705,3,6822.5,BTC-PERPETUAL,6829.94,sell,200.0,
45576247,73148449,1587427239705,2,6822.0,BTC-PERPETUAL,6829.94,sell,770.0,
45576248,73148450,1587427239705,2,6821.5,BTC-PERPETUAL,6829.94,sell,50.0,
45576249,73148451,1587427239705,3,6821.5,BTC-PERPETUAL,6829.94,sell,8100.0,
45576250,73148452,1587427239720,3,6821.5,BTC-PERPETUAL,6829.94,sell,370.0,
45576251,73148453,1587427239720,3,6821.5,BTC-PERPETUAL,6829.94,sell,500.0,
45576252,73148454,1587427239720,3,6821.5,BTC-PERPETUAL,6829.94,sell,500.0,
45576253,73148455,1587427239720,2,6821.0,BTC-PERPETUAL,6829.94,sell,100.0,
45576254,73148456,1587427239720,3,6821.0,BTC-PERPETUAL,6829.94,sell,4030.0,
45576255,73148457,1587427239733,3,6821.0,BTC-PERPETUAL,6829.94,sell,2600.0,
45576256,73148458,1587427241457,3,6821.0,BTC-PERPETUAL,6828.98,sell,5000.0,
45576257,73148487,1587427244202,3,6821.0,BTC-PERPETUAL,6828.26,sell,10.0,
45576258,73148488,1587427244202,3,6821.0,BTC-PERPETUAL,6828.26,sell,10.0,
45576259,73148489,1587427244202,3,6821.0,BTC-PERPETUAL,6828.26,sell,30.0,
45576260,73148490,1587427244202,3,6821.0,BTC-PERPETUAL,6828.26,sell,3000.0,
45576261,73148491,1587427244202,3,6821.0,BTC-PERPETUAL,6828.26,sell,60.0,
45576262,73148492,1587427244202,3,6821.0,BTC-PERPETUAL,6828.26,sell,1190.0,
45576263,73148493,1587427244204,3,6821.0,BTC-PERPETUAL,6828.26,sell,5700.0,
45576264,73148495,1587427245330,3,6821.0,BTC-PERPETUAL,6828.16,sell,980.0,
45576265,73148496,1587427245330,3,6821.0,BTC-PERPETUAL,6828.16,sell,200.0,
45576266,73148497,1587427245330,2,6820.5,BTC-PERPETUAL,6828.16,sell,720.0,
45576267,73148498,1587427248542,3,6820.5,BTC-PERPETUAL,6827.79,sell,50.0,
45576268,73148499,1587427248542,3,6820.5,BTC-PERPETUAL,6827.79,sell,160.0,
45576269,73148500,1587427248542,3,6820.5,BTC-PERPETUAL,6827.79,sell,400.0,
45576270,73148501,1587427248542,3,6820.5,BTC-PERPETUAL,6827.79,sell,100.0,
45576271,73148502,1587427248542,3,6820.5,BTC-PERPETUAL,6827.79,sell,10.0,
45576272,73148503,1587427248542,3,6820.5,BTC-PERPETUAL,6827.79,sell,50.0,
45576273,73148504,1587427248542,2,6820.0,BTC-PERPETUAL,6827.79,sell,350.0,
45576274,73148505,1587427248542,3,6820.0,BTC-PERPETUAL,6827.79,sell,10.0,
45576275,73148506,1587427248542,3,6820.0,BTC-PERPETUAL,6827.79,sell,10.0,
45576276,73148507,1587427248542,3,6820.0,BTC-PERPETUAL,6827.79,sell,80.0,
45576277,73148508,1587427248542,3,6820.0,BTC-PERPETUAL,6827.79,sell,20.0,
45576278,73148509,1587427248542,2,6819.5,BTC-PERPETUAL,6827.79,sell,100.0,
45576279,73148510,1587427248542,2,6819.0,BTC-PERPETUAL,6827.79,sell,10.0,
45576280,73148511,1587427248542,3,6819.0,BTC-PERPETUAL,6827.79,sell,1770.0,
45576281,73148512,1587427248542,2,6818.5,BTC-PERPETUAL,6827.79,sell,50.0,
45576282,73148513,1587427248542,3,6818.5,BTC-PERPETUAL,6827.79,sell,1830.0,
45576283,73148514,1587427248556,3,6818.5,BTC-PERPETUAL,6827.79,sell,7500.0,
45576284,73148515,1587427248556,3,6818.5,BTC-PERPETUAL,6827.79,sell,1210.0,
45576285,73148516,1587427249551,3,6818.5,BTC-PERPETUAL,6826.16,sell,30.0,
45576286,73148517,1587427249551,3,6818.5,BTC-PERPETUAL,6826.16,sell,2000.0,
45576287,73148518,1587427249551,3,6818.5,BTC-PERPETUAL,6826.16,sell,110.0,
45576288,73148519,1587427249551,2,6818.0,BTC-PERPETUAL,6826.16,sell,40.0,
45576289,73148520,1587427249551,3,6818.0,BTC-PERPETUAL,6826.16,sell,12000.0,
45576290,73148521,1587427249551,3,6818.0,BTC-PERPETUAL,6826.16,sell,6270.0,
45576291,73148522,1587427249869,3,6818.0,BTC-PERPETUAL,6826.16,sell,1430.0,
45576292,73148523,1587427250701,3,6818.0,BTC-PERPETUAL,6824.48,sell,10.0,
45576293,73148524,1587427250701,3,6818.0,BTC-PERPETUAL,6824.48,sell,1360.0,
45576294,73148525,1587427251349,3,6818.0,BTC-PERPETUAL,6824.45,sell,5000.0,
45576295,73148527,1587427251508,3,6818.0,BTC-PERPETUAL,6824.45,sell,11120.0,T
45576296,73148528,1587427251957,0,6818.5,BTC-PERPETUAL,6824.45,buy,20.0,
45576297,73148529,1587427251957,1,6818.5,BTC-PERPETUAL,6824.45,buy,750.0,
45576298,73148530,1587427251957,1,6818.5,BTC-PERPETUAL,6824.45,buy,680.0,
45576299,73148531,1587427251957,1,6818.5,BTC-PERPETUAL,6824.45,buy,20.0,
45576300,73148532,1587427251957,1,6818.5,BTC-PERPETUAL,6824.45,buy,20.0,
45576301,73148533,1587427251957,1,6818.5,BTC-PERPETUAL,6824.45,buy,20.0,
45576302,73148534,1587427251957,1,6818.5,BTC-PERPETUAL,6824.45,buy,170.0,
45576303,73148535,1587427251957,1,6818.5,BTC-PERPETUAL,6824.45,buy,80.0,
45576304,73148536,1587427251957,1,6818.5,BTC-PERPETUAL,6824.45,buy,640.0,
45576305,73148538,1587427251968,1,6818.5,BTC-PERPETUAL,6825.2,buy,10.0,
45576306,73148539,1587427251984,1,6818.5,BTC-PERPETUAL,6825.2,buy,10.0,
45576307,73148540,1587427252856,1,6818.5,BTC-PERPETUAL,6825.2,buy,32850.0,
45576308,73148541,1587427252856,1,6818.5,BTC-PERPETUAL,6825.2,buy,330.0,
45576309,73148542,1587427252856,1,6818.5,BTC-PERPETUAL,6825.2,buy,20.0,
45576310,73148543,1587427252856,1,6818.5,BTC-PERPETUAL,6825.2,buy,4000.0,
45576311,73148544,1587427252865,0,6819.0,BTC-PERPETUAL,6825.2,buy,34080.0,
45576312,73148546,1587427252882,0,6819.5,BTC-PERPETUAL,6825.2,buy,20.0,
45576313,73148547,1587427253227,0,6821.5,BTC-PERPETUAL,6826.22,sell,500.0,
45576314,73148548,1587427253251,0,6822.0,BTC-PERPETUAL,6826.22,buy,2400.0,
45576315,73148549,1587427253251,1,6822.0,BTC-PERPETUAL,6826.22,buy,500.0,
45576316,73148550,1587427253251,1,6822.0,BTC-PERPETUAL,6826.22,buy,500.0,
45576317,73148551,1587427253256,0,6823.0,BTC-PERPETUAL,6826.22,buy,10.0,
45576318,73148552,1587427253256,1,6823.0,BTC-PERPETUAL,6826.22,buy,4310.0,
45576319,73148553,1587427253256,1,6823.0,BTC-PERPETUAL,6826.22,buy,130.0,
45576320,73148554,1587427253256,0,6823.5,BTC-PERPETUAL,6826.22,buy,80.0,
45576321,73148555,1587427253256,1,6823.5,BTC-PERPETUAL,6826.22,buy,150.0,
45576322,73148556,1587427253256,1,6823.5,BTC-PERPETUAL,6826.22,buy,500.0,
45576323,73148558,1587427253262,0,6824.0,BTC-PERPETUAL,6826.22,buy,80.0,
45576324,73148559,1587427253262,1,6824.0,BTC-PERPETUAL,6826.22,buy,10.0,
45576325,73148560,1587427253262,1,6824.0,BTC-PERPETUAL,6826.22,buy,3400.0,
45576326,73148561,1587427253264,1,6824.0,BTC-PERPETUAL,6826.22,buy,10.0,
45576327,73148562,1587427253264,0,6824.5,BTC-PERPETUAL,6826.22,buy,2480.0,
45576328,73148565,1587427253620,1,6824.5,BTC-PERPETUAL,6826.22,buy,20.0,
45576329,73148566,1587427253620,1,6824.5,BTC-PERPETUAL,6826.22,buy,20.0,
45576330,73148571,1587427253636,0,6825.0,BTC-PERPETUAL,6826.22,buy,10.0,
45576331,73148572,1587427253636,1,6825.0,BTC-PERPETUAL,6826.22,buy,50.0,
45576332,73148573,1587427253636,1,6825.0,BTC-PERPETUAL,6826.22,buy,10.0,
45576333,73148574,1587427253636,1,6825.0,BTC-PERPETUAL,6826.22,buy,440.0,
45576334,73148575,1587427253898,0,6825.5,BTC-PERPETUAL,6826.22,buy,2000.0,
45576335,73148576,1587427253898,1,6825.5,BTC-PERPETUAL,6826.22,buy,2000.0,
45576336,73148578,1587427253901,0,6826.5,BTC-PERPETUAL,6826.22,buy,10.0,
45576337,73148585,1587427254004,0,6828.0,BTC-PERPETUAL,6828.57,buy,50.0,
45576338,73148586,1587427254004,1,6828.0,BTC-PERPETUAL,6828.57,buy,6210.0,
45576339,73148590,1587427254082,1,6828.0,BTC-PERPETUAL,6828.57,buy,2830.0,
45576340,73148591,1587427254787,2,6827.5,BTC-PERPETUAL,6828.57,sell,2400.0,
45576341,73148593,1587427255956,0,6828.0,BTC-PERPETUAL,6827.79,buy,100.0,
45576342,73148596,1587427257673,2,6827.5,BTC-PERPETUAL,6828.47,sell,1600.0,
45576343,73148597,1587427257673,3,6827.5,BTC-PERPETUAL,6828.47,sell,500.0,
45576344,73148598,1587427257673,3,6827.5,BTC-PERPETUAL,6828.47,sell,20.0,
45576345,73148599,1587427257673,3,6827.5,BTC-PERPETUAL,6828.47,sell,10.0,
45576346,73148600,1587427257673,3,6827.5,BTC-PERPETUAL,6828.47,sell,2000.0,
45576347,73148601,1587427257673,3,6827.5,BTC-PERPETUAL,6828.47,sell,2000.0,
45576348,73148602,1587427257673,3,6827.5,BTC-PERPETUAL,6828.47,sell,10.0,
45576349,73148603,1587427257673,3,6827.5,BTC-PERPETUAL,6828.47,sell,1140.0,
45576350,73148604,1587427257673,3,6827.5,BTC-PERPETUAL,6828.47,sell,500.0,
45576351,73148605,1587427257673,3,6827.5,BTC-PERPETUAL,6828.47,sell,130.0,
45576352,73148606,1587427257673,3,6827.5,BTC-PERPETUAL,6828.47,sell,30.0,
45576353,73148607,1587427257673,2,6827.0,BTC-PERPETUAL,6828.47,sell,10.0,
45576354,73148608,1587427257673,3,6827.0,BTC-PERPETUAL,6828.47,sell,200.0,
45576355,73148609,1587427257673,3,6827.0,BTC-PERPETUAL,6828.47,sell,1800.0,
45576356,73148610,1587427257673,3,6827.0,BTC-PERPETUAL,6828.47,sell,20.0,
45576357,73148611,1587427257673,2,6826.5,BTC-PERPETUAL,6828.47,sell,30.0,
45576358,73148612,1587427257717,3,6826.5,BTC-PERPETUAL,6828.47,sell,10.0,
45576359,73148613,1587427257759,3,6826.5,BTC-PERPETUAL,6828.47,sell,10.0,
45576360,73148614,1587427259735,0,6827.0,BTC-PERPETUAL,6830.17,buy,1000.0,
45576361,73148615,1587427259735,1,6827.0,BTC-PERPETUAL,6830.17,buy,30.0,
45576362,73148616,1587427259735,0,6827.5,BTC-PERPETUAL,6830.17,buy,220.0,
45576363,73148617,1587427259912,1,6827.5,BTC-PERPETUAL,6830.17,sell,4000.0,
45576364,73148618,1587427259912,1,6827.5,BTC-PERPETUAL,6830.17,sell,3000.0,
45576365,73148619,1587427262854,1,6827.5,BTC-PERPETUAL,6830.11,sell,140.0,
45576366,73148620,1587427265139,1,6827.5,BTC-PERPETUAL,6830.48,sell,3460.0,
45576367,73148621,1587427265139,1,6827.5,BTC-PERPETUAL,6830.48,sell,3410.0,
45576368,73148622,1587427265139,1,6827.5,BTC-PERPETUAL,6830.48,sell,90.0,
45576369,73148623,1587427265139,1,6827.5,BTC-PERPETUAL,6830.48,sell,3600.0,
45576370,73148624,1587427265139,1,6827.5,BTC-PERPETUAL,6830.48,sell,4550.0,
45576371,73148625,1587427265139,1,6827.5,BTC-PERPETUAL,6830.48,sell,20.0,
45576372,73148626,1587427265139,1,6827.5,BTC-PERPETUAL,6830.48,sell,20.0,
45576373,73148627,1587427265139,1,6827.5,BTC-PERPETUAL,6830.48,sell,6310.0,
45576374,73148628,1587427265231,0,6828.0,BTC-PERPETUAL,6830.48,buy,500.0,
45576375,73148636,1587427272284,2,6827.0,BTC-PERPETUAL,6829.72,sell,50.0,
45576376,73148637,1587427272284,3,6827.0,BTC-PERPETUAL,6829.72,sell,20.0,
45576377,73148638,1587427272284,2,6825.0,BTC-PERPETUAL,6829.72,sell,20.0,
45576378,73148639,1587427272284,2,6824.5,BTC-PERPETUAL,6829.72,sell,130.0,
45576379,73148640,1587427272284,2,6824.0,BTC-PERPETUAL,6829.72,sell,1780.0,
45576380,73148641,1587427275787,3,6824.0,BTC-PERPETUAL,6829.07,sell,10.0,
45576381,73148642,1587427281619,0,6824.5,BTC-PERPETUAL,6828.05,buy,290.0,
45576382,73148644,1587427283171,2,6824.0,BTC-PERPETUAL,6828.17,sell,20.0,
45576383,73148645,1587427283172,2,6823.5,BTC-PERPETUAL,6828.17,sell,10.0,
45576384,73148648,1587427283212,2,6822.5,BTC-PERPETUAL,6828.18,sell,500.0,
45576385,73148650,1587427283244,2,6822.0,BTC-PERPETUAL,6828.18,sell,4160.0,
45576386,73148651,1587427283244,3,6822.0,BTC-PERPETUAL,6828.18,sell,20.0,
45576387,73148652,1587427283244,3,6822.0,BTC-PERPETUAL,6828.18,sell,3000.0,
45576388,73148653,1587427283244,3,6822.0,BTC-PERPETUAL,6828.18,sell,30.0,
45576389,73148655,1587427291534,2,6821.5,BTC-PERPETUAL,6825.73,sell,10.0,
45576390,73148656,1587427291534,3,6821.5,BTC-PERPETUAL,6825.73,sell,300.0,
45576391,73148657,1587427291534,3,6821.5,BTC-PERPETUAL,6825.73,sell,11230.0,
45576392,73148658,1587427291534,3,6821.5,BTC-PERPETUAL,6825.73,sell,1000.0,
45576393,73148659,1587427291534,3,6821.5,BTC-PERPETUAL,6825.73,sell,500.0,
45576394,73148660,1587427291534,3,6821.5,BTC-PERPETUAL,6825.73,sell,90.0,
45576395,73148661,1587427291534,3,6821.5,BTC-PERPETUAL,6825.73,sell,50.0,
45576396,73148662,1587427291534,3,6821.5,BTC-PERPETUAL,6825.73,sell,290.0,
45576397,73148663,1587427291534,3,6821.5,BTC-PERPETUAL,6825.73,sell,6990.0,
45576398,73148664,1587427292776,3,6821.5,BTC-PERPETUAL,6825.49,sell,500.0,
45576399,73148665,1587427292776,3,6821.5,BTC-PERPETUAL,6825.49,sell,1000.0,
45576400,73148668,1587427298196,0,6822.0,BTC-PERPETUAL,6826.43,buy,4000.0,
45576401,73148669,1587427298196,1,6822.0,BTC-PERPETUAL,6826.43,buy,3600.0,
45576402,73148670,1587427298196,1,6822.0,BTC-PERPETUAL,6826.43,buy,10.0,
45576403,73148671,1587427298196,1,6822.0,BTC-PERPETUAL,6826.43,buy,80.0,
45576404,73148672,1587427298196,1,6822.0,BTC-PERPETUAL,6826.43,buy,10.0,
45576405,73148673,1587427298196,1,6822.0,BTC-PERPETUAL,6826.43,buy,3600.0,
45576406,73148674,1587427298206,0,6822.5,BTC-PERPETUAL,6826.43,buy,100.0,
45576407,73148675,1587427298206,1,6822.5,BTC-PERPETUAL,6826.43,buy,20.0,
45576408,73148676,1587427298209,0,6823.0,BTC-PERPETUAL,6826.43,buy,10.0,
45576409,73148677,1587427298220,1,6823.0,BTC-PERPETUAL,6826.43,buy,120.0,
45576410,73148678,1587427298221,1,6823.0,BTC-PERPETUAL,6826.43,buy,3600.0,
45576411,73148679,1587427298232,0,6824.0,BTC-PERPETUAL,6826.43,buy,10.0,
45576412,73148680,1587427298240,1,6824.0,BTC-PERPETUAL,6826.43,buy,2990.0,
45576413,73148681,1587427298240,1,6824.0,BTC-PERPETUAL,6826.43,buy,1490.0,
45576414,73148682,1587427298244,1,6824.0,BTC-PERPETUAL,6826.43,buy,10.0,
45576415,73148683,1587427298244,0,6824.5,BTC-PERPETUAL,6826.43,buy,1000.0,
45576416,73148684,1587427298244,1,6824.5,BTC-PERPETUAL,6826.43,buy,10.0,
45576417,73148685,1587427298244,1,6824.5,BTC-PERPETUAL,6826.43,buy,150.0,
45576418,73148686,1587427298244,1,6824.5,BTC-PERPETUAL,6826.43,buy,1800.0,
45576419,73148687,1587427298286,0,6825.0,BTC-PERPETUAL,6826.43,buy,10.0,
45576420,73148688,1587427298286,1,6825.0,BTC-PERPETUAL,6826.43,buy,3600.0,
45576421,73148689,1587427298294,0,6825.5,BTC-PERPETUAL,6826.63,buy,1790.0,
45576422,73148693,1587427298353,0,6826.5,BTC-PERPETUAL,6826.63,buy,1140.0,
45576423,73148694,1587427298353,1,6826.5,BTC-PERPETUAL,6826.63,buy,3000.0,
45576424,73148695,1587427298353,1,6826.5,BTC-PERPETUAL,6826.63,buy,10.0,
45576425,73148708,1587427298546,0,6827.0,BTC-PERPETUAL,6826.63,buy,18810.0,
45576426,73148709,1587427298546,1,6827.0,BTC-PERPETUAL,6826.63,buy,1630.0,
45576427,73148710,1587427298548,1,6827.0,BTC-PERPETUAL,6826.63,buy,870.0,
45576428,73148711,1587427298548,1,6827.0,BTC-PERPETUAL,6826.63,buy,20.0,
45576429,73148712,1587427298548,1,6827.0,BTC-PERPETUAL,6826.63,buy,500.0,
45576430,73148713,1587427298553,0,6827.5,BTC-PERPETUAL,6826.63,buy,40.0,
45576431,73148714,1587427298553,1,6827.5,BTC-PERPETUAL,6826.63,buy,16430.0,
45576432,73148716,1587427298566,1,6827.5,BTC-PERPETUAL,6826.63,buy,10.0,
45576433,73148720,1587427298728,0,6828.0,BTC-PERPETUAL,6826.63,buy,40.0,
45576434,73148723,1587427298777,0,6828.5,BTC-PERPETUAL,6826.63,buy,230.0,
45576435,73148724,1587427298777,1,6828.5,BTC-PERPETUAL,6826.63,buy,230.0,
45576436,73148726,1587427298785,0,6829.0,BTC-PERPETUAL,6826.63,buy,9040.0,
45576437,73148727,1587427298786,1,6829.0,BTC-PERPETUAL,6826.63,buy,290.0,
45576438,73148729,1587427302235,0,6829.5,BTC-PERPETUAL,6829.48,buy,210.0,
45576439,73148730,1587427302235,1,6829.5,BTC-PERPETUAL,6829.48,buy,420.0,
45576440,73148731,1587427302235,1,6829.5,BTC-PERPETUAL,6829.48,buy,20.0,
45576441,73148732,1587427302235,1,6829.5,BTC-PERPETUAL,6829.48,buy,1000.0,
45576442,73148733,1587427302235,1,6829.5,BTC-PERPETUAL,6829.48,buy,1350.0,
45576443,73148736,1587427302303,1,6829.5,BTC-PERPETUAL,6829.48,buy,50.0,
45576444,73148738,1587427302425,0,6830.0,BTC-PERPETUAL,6831.25,buy,10.0,
45576445,73148739,1587427302425,1,6830.0,BTC-PERPETUAL,6831.25,buy,50.0,
45576446,73148740,1587427302425,1,6830.0,BTC-PERPETUAL,6831.25,buy,350.0,
45576447,73148741,1587427304412,0,6831.0,BTC-PERPETUAL,6833.8,buy,50.0,
45576448,73148742,1587427304412,1,6831.0,BTC-PERPETUAL,6833.8,buy,200.0,
45576449,73148743,1587427304412,1,6831.0,BTC-PERPETUAL,6833.8,buy,910.0,
45576450,73148745,1587427307692,1,6831.0,BTC-PERPETUAL,6834.81,buy,40.0,
45576451,73148746,1587427307692,1,6831.0,BTC-PERPETUAL,6834.81,buy,10.0,
45576452,73148750,1587427311303,0,6831.5,BTC-PERPETUAL,6834.69,buy,200.0,
45576453,73148751,1587427311303,1,6831.5,BTC-PERPETUAL,6834.69,buy,10.0,
45576454,73148752,1587427311303,1,6831.5,BTC-PERPETUAL,6834.69,buy,10.0,
45576455,73148753,1587427311303,1,6831.5,BTC-PERPETUAL,6834.69,buy,20.0,
45576456,73148754,1587427313132,0,6832.5,BTC-PERPETUAL,6834.77,buy,50.0,
45576457,73148755,1587427313132,1,6832.5,BTC-PERPETUAL,6834.77,buy,10.0,
45576458,73148756,1587427313132,1,6832.5,BTC-PERPETUAL,6834.77,buy,1640.0,
45576459,73148757,1587427313134,1,6832.5,BTC-PERPETUAL,6834.77,buy,4100.0,
45576460,73148758,1587427313136,1,6832.5,BTC-PERPETUAL,6834.77,buy,790.0,
45576461,73148759,1587427313136,1,6832.5,BTC-PERPETUAL,6834.77,buy,50.0,
45576462,73148760,1587427313136,1,6832.5,BTC-PERPETUAL,6834.77,buy,10.0,
45576463,73148761,1587427313136,1,6832.5,BTC-PERPETUAL,6834.77,buy,20.0,
45576464,73148762,1587427313136,1,6832.5,BTC-PERPETUAL,6834.77,buy,10.0,
45576465,73148763,1587427313136,1,6832.5,BTC-PERPETUAL,6834.77,buy,100.0,
45576466,73148764,1587427315816,0,6833.5,BTC-PERPETUAL,6836.33,buy,10.0,
45576467,73148765,1587427315816,1,6833.5,BTC-PERPETUAL,6836.33,buy,30.0,
45576468,73148766,1587427315816,1,6833.5,BTC-PERPETUAL,6836.33,buy,200.0,
45576469,73148767,1587427315816,1,6833.5,BTC-PERPETUAL,6836.33,buy,10.0,
45576470,73148769,1587427315829,0,6834.0,BTC-PERPETUAL,6836.33,buy,10.0,
45576471,73148770,1587427315829,1,6834.0,BTC-PERPETUAL,6836.33,buy,50.0,
45576472,73148771,1587427315829,1,6834.0,BTC-PERPETUAL,6836.33,buy,50.0,
45576473,73148772,1587427315829,1,6834.0,BTC-PERPETUAL,6836.33,buy,10.0,
45576474,73148773,1587427315829,1,6834.0,BTC-PERPETUAL,6836.33,buy,500.0,
45576475,73148775,1587427316055,0,6835.0,BTC-PERPETUAL,6836.33,buy,20.0,
45576476,73148780,1587427317747,0,6837.0,BTC-PERPETUAL,6838.22,buy,450.0,
45576477,73148781,1587427317747,1,6837.0,BTC-PERPETUAL,6838.22,buy,50.0,
45576478,73148782,1587427317747,1,6837.0,BTC-PERPETUAL,6838.22,buy,10.0,
45576479,73148783,1587427317747,1,6837.0,BTC-PERPETUAL,6838.22,buy,50.0,
45576480,73148784,1587427317747,1,6837.0,BTC-PERPETUAL,6838.22,buy,500.0,
45576481,73148785,1587427317747,1,6837.0,BTC-PERPETUAL,6838.22,buy,40.0,
45576482,73148786,1587427317753,0,6837.5,BTC-PERPETUAL,6838.22,buy,210.0,
45576483,73148787,1587427317753,1,6837.5,BTC-PERPETUAL,6838.22,buy,10.0,
45576484,73148788,1587427317753,1,6837.5,BTC-PERPETUAL,6838.22,buy,210.0,
45576485,73148789,1587427317753,1,6837.5,BTC-PERPETUAL,6838.22,buy,10.0,
45576486,73148790,1587427317753,1,6837.5,BTC-PERPETUAL,6838.22,buy,10210.0,
45576487,73148792,1587427317757,1,6837.5,BTC-PERPETUAL,6838.22,buy,4210.0,
45576488,73148793,1587427317757,0,6838.0,BTC-PERPETUAL,6838.22,buy,250.0,
45576489,73148795,1587427317787,0,6839.0,BTC-PERPETUAL,6838.22,buy,1590.0,
45576490,73148796,1587427317787,1,6839.0,BTC-PERPETUAL,6838.22,buy,20.0,
45576491,73148797,1587427317794,1,6839.0,BTC-PERPETUAL,6838.22,buy,500.0,
45576492,73148798,1587427317794,0,6839.5,BTC-PERPETUAL,6838.22,buy,120.0,
45576493,73148799,1587427317794,0,6840.0,BTC-PERPETUAL,6838.22,buy,1000.0,
45576494,73148800,1587427317794,1,6840.0,BTC-PERPETUAL,6838.22,buy,20.0,
45576495,73148801,1587427317794,1,6840.0,BTC-PERPETUAL,6838.22,buy,20.0,
45576496,73148802,1587427317794,1,6840.0,BTC-PERPETUAL,6838.22,buy,10.0,
45576497,73148803,1587427317794,1,6840.0,BTC-PERPETUAL,6838.22,buy,340.0,
45576498,73148804,1587427317794,1,6840.0,BTC-PERPETUAL,6838.22,buy,20.0,
45576499,73148805,1587427317794,1,6840.0,BTC-PERPETUAL,6838.22,buy,10.0,
45576500,73148806,1587427317794,1,6840.0,BTC-PERPETUAL,6838.22,buy,100.0,
45576501,73148807,1587427317794,1,6840.0,BTC-PERPETUAL,6838.22,buy,50.0,
45576502,73148808,1587427317794,1,6840.0,BTC-PERPETUAL,6838.22,buy,4810.0,
45576503,73148809,1587427317824,1,6840.0,BTC-PERPETUAL,6838.22,buy,7000.0,
45576504,73148811,1587427317900,1,6840.0,BTC-PERPETUAL,6838.22,buy,500.0,
45576505,73148812,1587427317900,1,6840.0,BTC-PERPETUAL,6838.22,buy,20.0,
45576506,73148813,1587427317900,1,6840.0,BTC-PERPETUAL,6838.22,buy,20.0,
45576507,73148814,1587427318017,0,6840.5,BTC-PERPETUAL,6838.22,buy,20.0,
45576508,73148815,1587427318017,1,6840.5,BTC-PERPETUAL,6838.22,buy,7180.0,
45576509,73148816,1587427318018,1,6840.5,BTC-PERPETUAL,6838.22,buy,24000.0,
45576510,73148818,1587427318023,0,6841.0,BTC-PERPETUAL,6838.22,buy,10.0,
45576511,73148819,1587427318023,1,6841.0,BTC-PERPETUAL,6838.22,buy,10.0,
45576512,73148820,1587427318023,1,6841.0,BTC-PERPETUAL,6838.22,buy,20.0,
45576513,73148822,1587427318149,0,6841.5,BTC-PERPETUAL,6838.22,buy,10.0,
45576514,73148823,1587427318149,1,6841.5,BTC-PERPETUAL,6838.22,buy,30.0,
45576515,73148824,1587427318185,0,6842.0,BTC-PERPETUAL,6838.22,buy,10.0,
45576516,73148825,1587427318185,1,6842.0,BTC-PERPETUAL,6838.22,buy,10.0,
45576517,73148826,1587427318185,1,6842.0,BTC-PERPETUAL,6838.22,buy,100.0,
45576518,73148827,1587427318185,1,6842.0,BTC-PERPETUAL,6838.22,buy,20.0,
45576519,73148828,1587427318185,1,6842.0,BTC-PERPETUAL,6838.22,buy,20.0,
45576520,73148829,1587427318185,1,6842.0,BTC-PERPETUAL,6838.22,buy,350.0,
45576521,73148830,1587427318185,1,6842.0,BTC-PERPETUAL,6838.22,buy,70.0,
45576522,73148831,1587427318185,1,6842.0,BTC-PERPETUAL,6838.22,buy,280.0,
45576523,73148832,1587427318185,1,6842.0,BTC-PERPETUAL,6838.22,buy,50.0,
45576524,73148833,1587427318185,1,6842.0,BTC-PERPETUAL,6838.22,buy,350.0,
45576525,73148834,1587427318254,0,6842.5,BTC-PERPETUAL,6838.22,buy,350.0,
45576526,73148835,1587427318254,1,6842.5,BTC-PERPETUAL,6838.22,buy,4000.0,
45576527,73148836,1587427318267,0,6843.0,BTC-PERPETUAL,6838.22,buy,10.0,
45576528,73148837,1587427318267,1,6843.0,BTC-PERPETUAL,6838.22,buy,20.0,
45576529,73148838,1587427318267,1,6843.0,BTC-PERPETUAL,6838.22,buy,120.0,
45576530,73148839,1587427318267,1,6843.0,BTC-PERPETUAL,6838.22,buy,40.0,
45576531,73148840,1587427318267,1,6843.0,BTC-PERPETUAL,6838.22,buy,50.0,
45576532,73148841,1587427318267,1,6843.0,BTC-PERPETUAL,6838.22,buy,2000.0,
45576533,73148842,1587427318267,1,6843.0,BTC-PERPETUAL,6838.22,buy,270.0,
45576534,73148843,1587427318267,1,6843.0,BTC-PERPETUAL,6838.22,buy,280.0,
45576535,73148845,1587427318570,0,6843.5,BTC-PERPETUAL,6840.97,buy,10.0,
45576536,73148846,1587427318570,1,6843.5,BTC-PERPETUAL,6840.97,buy,10.0,
45576537,73148847,1587427318574,0,6844.0,BTC-PERPETUAL,6840.97,buy,20.0,
45576538,73148848,1587427318574,1,6844.0,BTC-PERPETUAL,6840.97,buy,20.0,
45576539,73148851,1587427318581,0,6844.5,BTC-PERPETUAL,6840.97,buy,250.0,
45576540,73148852,1587427318581,1,6844.5,BTC-PERPETUAL,6840.97,buy,50.0,
45576541,73148853,1587427318581,1,6844.5,BTC-PERPETUAL,6840.97,buy,10.0,
45576542,73148854,1587427318581,1,6844.5,BTC-PERPETUAL,6840.97,buy,20.0,
45576543,73148857,1587427318872,0,6845.0,BTC-PERPETUAL,6840.97,buy,200.0,
45576544,73148858,1587427318872,1,6845.0,BTC-PERPETUAL,6840.97,buy,300.0,
45576545,73148859,1587427318895,1,6845.0,BTC-PERPETUAL,6840.97,buy,10.0,
45576546,73148860,1587427318895,1,6845.0,BTC-PERPETUAL,6840.97,buy,10.0,
45576547,73148861,1587427318895,1,6845.0,BTC-PERPETUAL,6840.97,buy,15180.0,
45576548,73148862,1587427319895,2,6844.5,BTC-PERPETUAL,6842.71,sell,1590.0,
45576549,73148863,1587427320123,3,6844.5,BTC-PERPETUAL,6842.71,sell,10.0,
45576550,73148864,1587427320129,3,6844.5,BTC-PERPETUAL,6842.71,sell,10.0,
45576551,73148866,1587427321109,3,6844.5,BTC-PERPETUAL,6843.62,sell,2400.0,
45576552,73148868,1587427323345,0,6845.0,BTC-PERPETUAL,6844.19,buy,40.0,
45576553,73148869,1587427323345,1,6845.0,BTC-PERPETUAL,6844.19,buy,30.0,
45576554,73148870,1587427323345,1,6845.0,BTC-PERPETUAL,6844.19,buy,1600.0,
45576555,73148871,1587427323345,1,6845.0,BTC-PERPETUAL,6844.19,buy,100.0,
45576556,73148872,1587427323345,1,6845.0,BTC-PERPETUAL,6844.19,buy,3230.0,
45576557,73148873,1587427323350,1,6845.0,BTC-PERPETUAL,6844.19,buy,1250.0,
45576558,73148875,1587427323393,1,6845.0,BTC-PERPETUAL,6844.19,buy,200.0,
45576559,73148876,1587427323393,1,6845.0,BTC-PERPETUAL,6844.19,buy,70.0,
45576560,73148877,1587427323393,1,6845.0,BTC-PERPETUAL,6844.19,buy,1000.0,
45576561,73148878,1587427323393,1,6845.0,BTC-PERPETUAL,6844.19,buy,2500.0,
45576562,73148879,1587427323393,1,6845.0,BTC-PERPETUAL,6844.19,buy,540.0,
45576563,73148880,1587427323393,1,6845.0,BTC-PERPETUAL,6844.19,buy,10.0,
45576564,73148881,1587427323393,1,6845.0,BTC-PERPETUAL,6844.19,buy,50.0,
45576565,73148882,1587427323393,1,6845.0,BTC-PERPETUAL,6844.19,buy,1000.0,
45576566,73148883,1587427323393,1,6845.0,BTC-PERPETUAL,6844.19,buy,50.0,
45576567,73148884,1587427323393,1,6845.0,BTC-PERPETUAL,6844.19,buy,30.0,
45576568,73148885,1587427323393,0,6845.5,BTC-PERPETUAL,6844.19,buy,180.0,
45576569,73148886,1587427323393,1,6845.5,BTC-PERPETUAL,6844.19,buy,70.0,
45576570,73148887,1587427323393,1,6845.5,BTC-PERPETUAL,6844.19,buy,1590.0,
45576571,73148888,1587427323393,1,6845.5,BTC-PERPETUAL,6844.19,buy,20.0,
45576572,73148889,1587427323393,1,6845.5,BTC-PERPETUAL,6844.19,buy,3000.0,
45576573,73148890,1587427323393,0,6846.0,BTC-PERPETUAL,6844.19,buy,20.0,
45576574,73148891,1587427323393,1,6846.0,BTC-PERPETUAL,6844.19,buy,50.0,
45576575,73148892,1587427323393,1,6846.0,BTC-PERPETUAL,6844.19,buy,10.0,
45576576,73148893,1587427323393,1,6846.0,BTC-PERPETUAL,6844.19,buy,50.0,
45576577,73148894,1587427323393,0,6846.5,BTC-PERPETUAL,6844.19,buy,1800.0,
45576578,73148895,1587427323393,0,6847.0,BTC-PERPETUAL,6844.19,buy,100.0,
45576579,73148896,1587427323393,1,6847.0,BTC-PERPETUAL,6844.19,buy,20.0,
45576580,73148897,1587427323393,1,6847.0,BTC-PERPETUAL,6844.19,buy,2000.0,
45576581,73148898,1587427323393,1,6847.0,BTC-PERPETUAL,6844.19,buy,450.0,
45576582,73148899,1587427323393,1,6847.0,BTC-PERPETUAL,6844.19,buy,10.0,
45576583,73148900,1587427323393,0,6847.5,BTC-PERPETUAL,6844.19,buy,25260.0,
45576584,73148901,1587427323393,1,6847.5,BTC-PERPETUAL,6844.19,buy,8920.0,
45576585,73148902,1587427323452,1,6847.5,BTC-PERPETUAL,6844.19,buy,10.0,
45576586,73148909,1587427323586,1,6847.5,BTC-PERPETUAL,6844.27,buy,10.0,
45576587,73148912,1587427323614,1,6847.5,BTC-PERPETUAL,6844.27,buy,25420.0,
45576588,73148913,1587427323614,1,6847.5,BTC-PERPETUAL,6844.27,buy,2500.0,
45576589,73148914,1587427323614,1,6847.5,BTC-PERPETUAL,6844.27,buy,1800.0,
45576590,73148915,1587427323614,1,6847.5,BTC-PERPETUAL,6844.27,buy,10.0,
45576591,73148917,1587427323664,1,6847.5,BTC-PERPETUAL,6844.27,buy,10000.0,
45576592,73148918,1587427323677,1,6847.5,BTC-PERPETUAL,6844.27,buy,3000.0,
45576593,73148919,1587427323677,1,6847.5,BTC-PERPETUAL,6844.27,buy,20.0,
45576594,73148920,1587427323677,0,6848.0,BTC-PERPETUAL,6844.27,buy,800.0,
45576595,73148921,1587427323677,1,6848.0,BTC-PERPETUAL,6844.27,buy,5000.0,
45576596,73148922,1587427323677,0,6848.5,BTC-PERPETUAL,6844.27,buy,40.0,
45576597,73148923,1587427323677,1,6848.5,BTC-PERPETUAL,6844.27,buy,40.0,
45576598,73148924,1587427323677,1,6848.5,BTC-PERPETUAL,6844.27,buy,1000.0,
45576599,73148925,1587427323800,0,6849.0,BTC-PERPETUAL,6844.27,buy,50.0,
45576600,73148926,1587427323800,1,6849.0,BTC-PERPETUAL,6844.27,buy,50.0,
45576601,73148927,1587427323800,1,6849.0,BTC-PERPETUAL,6844.27,buy,50.0,
45576602,73148928,1587427323800,1,6849.0,BTC-PERPETUAL,6844.27,buy,100.0,
45576603,73148929,1587427323800,1,6849.0,BTC-PERPETUAL,6844.27,buy,540.0,
45576604,73148930,1587427323800,0,6849.5,BTC-PERPETUAL,6844.27,buy,10.0,
45576605,73148931,1587427323800,1,6849.5,BTC-PERPETUAL,6844.27,buy,4200.0,
45576606,73148933,1587427324103,2,6849.0,BTC-PERPETUAL,6844.27,buy,1800.0,
45576607,73148934,1587427324103,0,6849.5,BTC-PERPETUAL,6844.27,buy,1190.0,
45576608,73148936,1587427324138,1,6849.5,BTC-PERPETUAL,6844.27,buy,500.0,
45576609,73148939,1587427324188,1,6849.5,BTC-PERPETUAL,6844.27,buy,10.0,
45576610,73148940,1587427324239,0,6850.0,BTC-PERPETUAL,6844.27,buy,30.0,
45576611,73148941,1587427324239,1,6850.0,BTC-PERPETUAL,6844.27,buy,330.0,
45576612,73148942,1587427324239,1,6850.0,BTC-PERPETUAL,6844.27,buy,10.0,
45576613,73148943,1587427324239,1,6850.0,BTC-PERPETUAL,6844.27,buy,130.0,
45576614,73148944,1587427324239,1,6850.0,BTC-PERPETUAL,6844.27,buy,1590.0,
45576615,73148945,1587427324239,1,6850.0,BTC-PERPETUAL,6844.27,buy,940.0,
45576616,73148946,1587427324251,1,6850.0,BTC-PERPETUAL,6844.27,buy,1500.0,
45576617,73148947,1587427324252,1,6850.0,BTC-PERPETUAL,6844.27,buy,7840.0,
45576618,73148948,1587427324458,0,6851.0,BTC-PERPETUAL,6844.27,buy,10.0,
45576619,73148949,1587427324458,1,6851.0,BTC-PERPETUAL,6844.27,buy,10.0,
45576620,73148950,1587427324458,1,6851.0,BTC-PERPETUAL,6844.27,buy,20.0,
45576621,73148951,1587427324458,1,6851.0,BTC-PERPETUAL,6844.27,buy,840.0,
45576622,73148952,1587427324458,1,6851.0,BTC-PERPETUAL,6844.27,buy,11020.0,
45576623,73148953,1587427324475,1,6851.0,BTC-PERPETUAL,6844.27,buy,1000.0,
45576624,73148954,1587427324496,1,6851.0,BTC-PERPETUAL,6844.27,buy,10000.0,
45576625,73148956,1587427324568,1,6851.0,BTC-PERPETUAL,6848.1,buy,8590.0,
45576626,73148957,1587427324603,1,6851.0,BTC-PERPETUAL,6848.1,buy,580.0,
45576627,73148958,1587427324603,1,6851.0,BTC-PERPETUAL,6848.1,buy,30.0,
45576628,73148959,1587427324603,1,6851.0,BTC-PERPETUAL,6848.1,buy,4980.0,
45576629,73148960,1587427324650,1,6851.0,BTC-PERPETUAL,6848.1,buy,1860.0,
45576630,73148961,1587427324662,0,6852.0,BTC-PERPETUAL,6848.1,buy,20.0,
45576631,73148962,1587427324662,1,6852.0,BTC-PERPETUAL,6848.1,buy,50.0,
45576632,73148963,1587427324662,1,6852.0,BTC-PERPETUAL,6848.1,buy,10.0,
45576633,73148964,1587427324662,1,6852.0,BTC-PERPETUAL,6848.1,buy,2500.0,
45576634,73148966,1587427324675,1,6852.0,BTC-PERPETUAL,6848.1,buy,1400.0,
45576635,73148969,1587427326811,0,6852.5,BTC-PERPETUAL,6850.9,buy,10.0,
45576636,73148970,1587427326811,1,6852.5,BTC-PERPETUAL,6850.9,buy,20.0,
45576637,73148971,1587427326811,1,6852.5,BTC-PERPETUAL,6850.9,buy,17250.0,
45576638,73148972,1587427326812,1,6852.5,BTC-PERPETUAL,6850.9,buy,16230.0,
45576639,73148973,1587427326815,1,6852.5,BTC-PERPETUAL,6850.9,buy,10450.0,
45576640,73148974,1587427326860,1,6852.5,BTC-PERPETUAL,6850.9,buy,30.0,
45576641,73148975,1587427326860,1,6852.5,BTC-PERPETUAL,6850.9,buy,6860.0,
45576642,73148976,1587427326860,1,6852.5,BTC-PERPETUAL,6850.9,buy,6860.0,
45576643,73148977,1587427326860,1,6852.5,BTC-PERPETUAL,6850.9,buy,170.0,
45576644,73148980,1587427327858,1,6852.5,BTC-PERPETUAL,6851.03,buy,4050.0,
45576645,73148981,1587427327858,1,6852.5,BTC-PERPETUAL,6851.03,buy,950.0,
45576646,73148982,1587427328067,1,6852.5,BTC-PERPETUAL,6851.03,buy,50.0,
45576647,73148983,1587427328067,1,6852.5,BTC-PERPETUAL,6851.03,buy,80.0,
45576648,73148984,1587427328067,1,6852.5,BTC-PERPETUAL,6851.03,buy,400.0,
45576649,73148985,1587427328067,1,6852.5,BTC-PERPETUAL,6851.03,buy,2470.0,
45576650,73148990,1587427331956,1,6852.5,BTC-PERPETUAL,6854.34,buy,4350.0,
45576651,73148991,1587427331956,1,6852.5,BTC-PERPETUAL,6854.34,buy,10.0,
45576652,73148992,1587427331956,1,6852.5,BTC-PERPETUAL,6854.34,buy,20.0,
45576653,73148993,1587427331956,1,6852.5,BTC-PERPETUAL,6854.34,buy,10.0,
45576654,73148994,1587427331956,1,6852.5,BTC-PERPETUAL,6854.34,buy,120.0,
45576655,73148995,1587427331956,1,6852.5,BTC-PERPETUAL,6854.34,buy,20.0,
45576656,73148996,1587427331956,1,6852.5,BTC-PERPETUAL,6854.34,buy,10.0,
45576657,73148997,1587427331956,1,6852.5,BTC-PERPETUAL,6854.34,buy,40.0,
45576658,73148999,1587427332052,0,6853.0,BTC-PERPETUAL,6854.34,buy,50.0,
45576659,73149000,1587427332083,1,6853.0,BTC-PERPETUAL,6854.34,buy,50.0,
45576660,73149001,1587427332232,0,6853.5,BTC-PERPETUAL,6854.34,buy,120.0,
45576661,73149002,1587427332232,1,6853.5,BTC-PERPETUAL,6854.34,buy,120.0,
45576662,73149003,1587427332232,1,6853.5,BTC-PERPETUAL,6854.34,buy,40.0,
45576663,73149004,1587427332232,1,6853.5,BTC-PERPETUAL,6854.34,buy,40.0,
45576664,73149005,1587427332232,1,6853.5,BTC-PERPETUAL,6854.34,buy,330.0,
45576665,73149006,1587427332232,0,6854.0,BTC-PERPETUAL,6854.34,buy,10.0,
45576666,73149007,1587427332232,1,6854.0,BTC-PERPETUAL,6854.34,buy,60.0,
45576667,73149008,1587427332254,2,6853.5,BTC-PERPETUAL,6854.34,sell,160.0,
45576668,73149009,1587427333558,0,6854.0,BTC-PERPETUAL,6854.98,buy,440.0,
45576669,73149010,1587427333558,1,6854.0,BTC-PERPETUAL,6854.98,buy,200.0,
45576670,73149011,1587427333558,1,6854.0,BTC-PERPETUAL,6854.98,buy,10.0,
45576671,73149012,1587427333558,1,6854.0,BTC-PERPETUAL,6854.98,buy,1350.0,
45576672,73149013,1587427335545,2,6853.5,BTC-PERPETUAL,6855.34,sell,2000.0,
45576673,73149014,1587427335844,0,6854.0,BTC-PERPETUAL,6855.93,buy,240.0,
45576674,73149015,1587427335844,1,6854.0,BTC-PERPETUAL,6855.93,buy,20.0,
45576675,73149016,1587427335844,1,6854.0,BTC-PERPETUAL,6855.93,buy,200.0,
45576676,73149017,1587427335844,1,6854.0,BTC-PERPETUAL,6855.93,buy,120.0,
45576677,73149018,1587427335844,1,6854.0,BTC-PERPETUAL,6855.93,buy,20.0,
45576678,73149019,1587427336182,1,6854.0,BTC-PERPETUAL,6855.93,sell,2000.0,
45576679,73149020,1587427336823,1,6854.0,BTC-PERPETUAL,6855.94,sell,2000.0,
45576680,73149021,1587427336839,0,6854.5,BTC-PERPETUAL,6855.94,buy,10.0,
45576681,73149022,1587427336839,1,6854.5,BTC-PERPETUAL,6855.94,buy,10.0,
45576682,73149024,1587427337311,0,6855.0,BTC-PERPETUAL,6855.94,buy,70.0,
45576683,73149025,1587427337311,1,6855.0,BTC-PERPETUAL,6855.94,buy,10.0,
45576684,73149029,1587427337331,0,6856.0,BTC-PERPETUAL,6855.94,buy,10.0,
45576685,73149030,1587427337331,1,6856.0,BTC-PERPETUAL,6855.94,buy,50.0,
45576686,73149031,1587427337331,1,6856.0,BTC-PERPETUAL,6855.94,buy,50.0,
45576687,73149032,1587427337331,1,6856.0,BTC-PERPETUAL,6855.94,buy,50.0,
45576688,73149033,1587427337331,1,6856.0,BTC-PERPETUAL,6855.94,buy,10.0,
45576689,73149036,1587427340390,0,6857.5,BTC-PERPETUAL,6859.35,sell,15130.0,
45576690,73149037,1587427340390,1,6857.5,BTC-PERPETUAL,6859.35,sell,1000.0,
45576691,73149038,1587427340390,1,6857.5,BTC-PERPETUAL,6859.35,sell,4000.0,
45576692,73149039,1587427340390,1,6857.5,BTC-PERPETUAL,6859.35,sell,3600.0,
45576693,73149040,1587427340390,1,6857.5,BTC-PERPETUAL,6859.35,sell,2000.0,
45576694,73149041,1587427340390,1,6857.5,BTC-PERPETUAL,6859.35,sell,10000.0,
45576695,73149042,1587427340390,1,6857.5,BTC-PERPETUAL,6859.35,sell,6000.0,
45576696,73149043,1587427340390,1,6857.5,BTC-PERPETUAL,6859.35,sell,20.0,
45576697,73149044,1587427340390,1,6857.5,BTC-PERPETUAL,6859.35,sell,1500.0,
45576698,73149045,1587427340390,1,6857.5,BTC-PERPETUAL,6859.35,sell,2500.0,
45576699,73149046,1587427340390,1,6857.5,BTC-PERPETUAL,6859.35,sell,1000.0,
45576700,73149047,1587427340390,1,6857.5,BTC-PERPETUAL,6859.35,sell,6850.0,
45576701,73149048,1587427340390,1,6857.5,BTC-PERPETUAL,6859.35,sell,3420.0,
45576702,73149049,1587427340390,1,6857.5,BTC-PERPETUAL,6859.35,sell,250.0,
45576703,73149050,1587427340390,1,6857.5,BTC-PERPETUAL,6859.35,sell,100.0,
45576704,73149051,1587427340390,1,6857.5,BTC-PERPETUAL,6859.35,sell,200.0,
45576705,73149052,1587427340390,1,6857.5,BTC-PERPETUAL,6859.35,sell,2500.0,
45576706,73149053,1587427340390,1,6857.5,BTC-PERPETUAL,6859.35,sell,130.0,
45576707,73149054,1587427340390,1,6857.5,BTC-PERPETUAL,6859.35,sell,15050.0,
45576708,73149055,1587427340390,2,6857.0,BTC-PERPETUAL,6859.35,sell,100.0,
45576709,73149056,1587427340390,3,6857.0,BTC-PERPETUAL,6859.35,sell,30730.0,
45576710,73149057,1587427340428,3,6857.0,BTC-PERPETUAL,6859.35,sell,10.0,
45576711,73149058,1587427340435,3,6857.0,BTC-PERPETUAL,6859.35,sell,10.0,
45576712,73149059,1587427340748,0,6857.5,BTC-PERPETUAL,6858.51,buy,15000.0,
45576713,73149060,1587427341345,1,6857.5,BTC-PERPETUAL,6858.51,buy,2740.0,
45576714,73149061,1587427343143,2,6857.0,BTC-PERPETUAL,6857.99,sell,20.0,
45576715,73149062,1587427343143,3,6857.0,BTC-PERPETUAL,6857.99,sell,1600.0,
45576716,73149063,1587427343143,3,6857.0,BTC-PERPETUAL,6857.99,sell,200.0,
45576717,73149064,1587427343143,3,6857.0,BTC-PERPETUAL,6857.99,sell,100.0,
45576718,73149065,1587427343143,3,6857.0,BTC-PERPETUAL,6857.99,sell,3600.0,
45576719,73149066,1587427343143,3,6857.0,BTC-PERPETUAL,6857.99,sell,4480.0,
45576720,73149067,1587427343267,3,6857.0,BTC-PERPETUAL,6857.99,sell,3880.0,
45576721,73149068,1587427344306,0,6857.5,BTC-PERPETUAL,6858.99,buy,1380.0,
45576722,73149069,1587427344331,1,6857.5,BTC-PERPETUAL,6858.99,buy,10.0,
45576723,73149070,1587427344338,1,6857.5,BTC-PERPETUAL,6858.99,buy,10.0,
45576724,73149071,1587427344771,1,6857.5,BTC-PERPETUAL,6859.31,buy,2600.0,
45576725,73149072,1587427344771,1,6857.5,BTC-PERPETUAL,6859.31,buy,3600.0,
45576726,73149073,1587427344771,1,6857.5,BTC-PERPETUAL,6859.31,buy,40.0,
45576727,73149074,1587427344771,1,6857.5,BTC-PERPETUAL,6859.31,buy,1000.0,
45576728,73149075,1587427344771,1,6857.5,BTC-PERPETUAL,6859.31,buy,30.0,
45576729,73149076,1587427344771,1,6857.5,BTC-PERPETUAL,6859.31,buy,30.0,
45576730,73149077,1587427344771,1,6857.5,BTC-PERPETUAL,6859.31,buy,1000.0,
45576731,73149078,1587427344771,1,6857.5,BTC-PERPETUAL,6859.31,buy,70.0,
45576732,73149079,1587427344771,1,6857.5,BTC-PERPETUAL,6859.31,buy,10.0,
45576733,73149080,1587427344771,1,6857.5,BTC-PERPETUAL,6859.31,buy,1620.0,
45576734,73149081,1587427345438,2,6857.0,BTC-PERPETUAL,6859.31,sell,20.0,
45576735,73149084,1587427347022,3,6857.0,BTC-PERPETUAL,6858.94,sell,20.0,
45576736,73149085,1587427347022,3,6857.0,BTC-PERPETUAL,6858.94,sell,200.0,
45576737,73149086,1587427347022,3,6857.0,BTC-PERPETUAL,6858.94,sell,70.0,
45576738,73149088,1587427348341,2,6856.5,BTC-PERPETUAL,6857.98,sell,1170.0,
45576739,73149089,1587427348372,2,6856.0,BTC-PERPETUAL,6857.98,sell,10.0,
45576740,73149090,1587427348396,3,6856.0,BTC-PERPETUAL,6857.98,sell,10.0,
45576741,73149091,1587427348968,3,6856.0,BTC-PERPETUAL,6857.56,sell,200.0,
45576742,73149092,1587427348968,3,6856.0,BTC-PERPETUAL,6857.56,sell,1100.0,
45576743,73149093,1587427348968,3,6856.0,BTC-PERPETUAL,6857.56,sell,60.0,
45576744,73149094,1587427348968,2,6854.5,BTC-PERPETUAL,6857.56,sell,10.0,
45576745,73149095,1587427348968,3,6854.5,BTC-PERPETUAL,6857.56,sell,10.0,
45576746,73149096,1587427348968,3,6854.5,BTC-PERPETUAL,6857.56,sell,420.0,
45576747,73149097,1587427348968,3,6854.5,BTC-PERPETUAL,6857.56,sell,150.0,
45576748,73149098,1587427348968,3,6854.5,BTC-PERPETUAL,6857.56,sell,10.0,
45576749,73149099,1587427348968,2,6854.0,BTC-PERPETUAL,6857.56,sell,3040.0,
45576750,73149100,1587427352699,3,6854.0,BTC-PERPETUAL,6857.37,sell,150.0,
45576751,73149101,1587427352699,3,6854.0,BTC-PERPETUAL,6857.37,sell,150.0,
45576752,73149102,1587427352699,3,6854.0,BTC-PERPETUAL,6857.37,sell,850.0,
45576753,73149103,1587427352699,3,6854.0,BTC-PERPETUAL,6857.37,sell,200.0,
45576754,73149104,1587427352699,3,6854.0,BTC-PERPETUAL,6857.37,sell,50.0,
45576755,73149109,1587427352710,2,6853.5,BTC-PERPETUAL,6857.37,sell,20.0,
45576756,73149110,1587427352938,3,6853.5,BTC-PERPETUAL,6857.37,sell,30.0,
45576757,73149111,1587427352938,3,6853.5,BTC-PERPETUAL,6857.37,sell,90.0,
45576758,73149112,1587427352938,3,6853.5,BTC-PERPETUAL,6857.37,sell,1200.0,
45576759,73149113,1587427354581,2,6853.0,BTC-PERPETUAL,6856.7,sell,100.0,
45576760,73149114,1587427354581,3,6853.0,BTC-PERPETUAL,6856.7,sell,1050.0,
45576761,73149115,1587427354581,3,6853.0,BTC-PERPETUAL,6856.7,sell,1000.0,
45576762,73149116,1587427354581,3,6853.0,BTC-PERPETUAL,6856.7,sell,200.0,
45576763,73149117,1587427354581,2,6852.0,BTC-PERPETUAL,6856.7,sell,500.0,
45576764,73149118,1587427354581,3,6852.0,BTC-PERPETUAL,6856.7,sell,10.0,
45576765,73149119,1587427354581,3,6852.0,BTC-PERPETUAL,6856.7,sell,20.0,
45576766,73149120,1587427354581,2,6851.5,BTC-PERPETUAL,6856.7,sell,440.0,
45576767,73149121,1587427354581,3,6851.5,BTC-PERPETUAL,6856.7,sell,17230.0,
45576768,73149123,1587427361555,3,6851.5,BTC-PERPETUAL,6855.76,sell,1560.0,
45576769,73149124,1587427361555,3,6851.5,BTC-PERPETUAL,6855.76,sell,500.0,
45576770,73149125,1587427361555,3,6851.5,BTC-PERPETUAL,6855.76,sell,10.0,
45576771,73149126,1587427361555,3,6851.5,BTC-PERPETUAL,6855.76,sell,150.0,
45576772,73149127,1587427365720,3,6851.5,BTC-PERPETUAL,6855.3,sell,20.0,
45576773,73149128,1587427366349,3,6851.5,BTC-PERPETUAL,6855.65,sell,10.0,
45576774,73149129,1587427368198,3,6851.5,BTC-PERPETUAL,6854.82,sell,10.0,
45576775,73149134,1587427371443,3,6851.5,BTC-PERPETUAL,6855.23,sell,780.0,
45576776,73149135,1587427371443,3,6851.5,BTC-PERPETUAL,6855.23,sell,20.0,
45576777,73149136,1587427374670,3,6851.5,BTC-PERPETUAL,6854.75,sell,40.0,
45576778,73149137,1587427374670,3,6851.5,BTC-PERPETUAL,6854.75,sell,200.0,
45576779,73149138,1587427374670,3,6851.5,BTC-PERPETUAL,6854.75,sell,1160.0,
45576780,73149139,1587427374670,3,6851.5,BTC-PERPETUAL,6854.75,sell,320.0,
45576781,73149140,1587427374670,3,6851.5,BTC-PERPETUAL,6854.75,sell,280.0,
45576782,73149141,1587427380594,3,6851.5,BTC-PERPETUAL,6854.68,sell,10.0,
45576783,73149142,1587427383116,3,6851.5,BTC-PERPETUAL,6854.44,sell,330.0,
45576784,73149143,1587427383130,3,6851.5,BTC-PERPETUAL,6854.44,sell,530.0,
45576785,73149144,1587427383130,3,6851.5,BTC-PERPETUAL,6854.44,sell,250.0,
45576786,73149145,1587427383130,3,6851.5,BTC-PERPETUAL,6854.44,sell,10.0,
45576787,73149146,1587427383392,2,6851.0,BTC-PERPETUAL,6854.44,sell,50.0,
45576788,73149147,1587427383392,3,6851.0,BTC-PERPETUAL,6854.44,sell,400.0,
45576789,73149149,1587427385006,2,6850.0,BTC-PERPETUAL,6853.19,sell,20.0,
45576790,73149150,1587427385006,3,6850.0,BTC-PERPETUAL,6853.19,sell,200.0,
45576791,73149151,1587427385831,2,6849.5,BTC-PERPETUAL,6853.19,sell,810.0,
45576792,73149152,1587427385831,3,6849.5,BTC-PERPETUAL,6853.19,sell,100.0,
45576793,73149153,1587427385831,2,6849.0,BTC-PERPETUAL,6853.19,sell,50.0,
45576794,73149154,1587427385831,3,6849.0,BTC-PERPETUAL,6853.19,sell,10.0,
45576795,73149155,1587427385831,3,6849.0,BTC-PERPETUAL,6853.19,sell,2500.0,
45576796,73149156,1587427385831,3,6849.0,BTC-PERPETUAL,6853.19,sell,10000.0,
45576797,73149157,1587427385831,2,6848.0,BTC-PERPETUAL,6853.19,sell,10.0,
45576798,73149158,1587427385831,3,6848.0,BTC-PERPETUAL,6853.19,sell,50.0,
45576799,73149159,1587427385831,3,6848.0,BTC-PERPETUAL,6853.19,sell,50.0,
45576800,73149160,1587427385831,3,6848.0,BTC-PERPETUAL,6853.19,sell,6960.0,
45576801,73149161,1587427387138,3,6848.0,BTC-PERPETUAL,6853.41,sell,10.0,
45576802,73149164,1587427388777,3,6848.0,BTC-PERPETUAL,6852.68,sell,1000.0,
45576803,73149165,1587427388778,3,6848.0,BTC-PERPETUAL,6852.68,sell,2000.0,
45576804,73149167,1587427388870,3,6848.0,BTC-PERPETUAL,6852.68,sell,10.0,
45576805,73149168,1587427388870,3,6848.0,BTC-PERPETUAL,6852.68,sell,990.0,
45576806,73149169,1587427388872,3,6848.0,BTC-PERPETUAL,6852.68,sell,1500.0,
45576807,73149170,1587427388907,3,6848.0,BTC-PERPETUAL,6852.68,sell,720.0,
45576808,73149171,1587427388907,3,6848.0,BTC-PERPETUAL,6852.68,sell,40.0,
45576809,73149172,1587427388907,3,6848.0,BTC-PERPETUAL,6852.68,sell,240.0,
45576810,73149173,1587427391007,3,6848.0,BTC-PERPETUAL,6852.09,sell,10.0,
45576811,73149174,1587427391450,3,6848.0,BTC-PERPETUAL,6852.09,sell,14860.0,
45576812,73149175,1587427391450,3,6848.0,BTC-PERPETUAL,6852.09,sell,18940.0,
45576813,73149176,1587427391456,3,6848.0,BTC-PERPETUAL,6852.09,sell,33800.0,
45576814,73149177,1587427391460,3,6848.0,BTC-PERPETUAL,6852.09,sell,3290.0,
45576815,73149178,1587427391468,3,6848.0,BTC-PERPETUAL,6852.09,sell,33800.0,
45576816,73149179,1587427391475,3,6848.0,BTC-PERPETUAL,6852.09,sell,26030.0,
45576817,73149180,1587427391478,3,6848.0,BTC-PERPETUAL,6852.09,sell,7770.0,
45576818,73149181,1587427391481,3,6848.0,BTC-PERPETUAL,6852.09,sell,6470.0,
45576819,73149182,1587427391481,3,6848.0,BTC-PERPETUAL,6852.09,sell,5000.0,
45576820,73149183,1587427391481,3,6848.0,BTC-PERPETUAL,6852.09,sell,500.0,
45576821,73149184,1587427391481,3,6848.0,BTC-PERPETUAL,6852.09,sell,880.0,
45576822,73149185,1587427391481,3,6848.0,BTC-PERPETUAL,6852.09,sell,1500.0,
45576823,73149186,1587427391481,3,6848.0,BTC-PERPETUAL,6852.09,sell,20.0,
45576824,73149187,1587427391481,3,6848.0,BTC-PERPETUAL,6852.09,sell,620.0,
45576825,73149188,1587427391483,3,6848.0,BTC-PERPETUAL,6852.09,sell,1380.0,
45576826,73149189,1587427391483,3,6848.0,BTC-PERPETUAL,6852.09,sell,140.0,
45576827,73149190,1587427391608,2,6847.5,BTC-PERPETUAL,6852.09,sell,2000.0,
45576828,73149191,1587427391608,3,6847.5,BTC-PERPETUAL,6852.09,sell,600.0,
45576829,73149192,1587427391608,3,6847.5,BTC-PERPETUAL,6852.09,sell,690.0,
45576830,73149193,1587427391611,3,6847.5,BTC-PERPETUAL,6852.09,sell,1000.0,
45576831,73149194,1587427391622,3,6847.5,BTC-PERPETUAL,6852.09,sell,29510.0,
45576832,73149195,1587427391626,2,6847.0,BTC-PERPETUAL,6852.09,sell,10.0,
45576833,73149196,1587427391626,3,6847.0,BTC-PERPETUAL,6852.09,sell,10.0,
45576834,73149197,1587427391626,3,6847.0,BTC-PERPETUAL,6852.09,sell,480.0,
45576835,73149198,1587427391639,3,6847.0,BTC-PERPETUAL,6852.09,sell,2520.0,
45576836,73149199,1587427391639,2,6846.5,BTC-PERPETUAL,6852.09,sell,10.0,
45576837,73149200,1587427391639,3,6846.5,BTC-PERPETUAL,6852.09,sell,2000.0,
45576838,73149201,1587427391639,3,6846.5,BTC-PERPETUAL,6852.09,sell,2000.0,
45576839,73149202,1587427391639,3,6846.5,BTC-PERPETUAL,6852.09,sell,2000.0,
45576840,73149203,1587427391656,2,6846.0,BTC-PERPETUAL,6852.09,sell,1470.0,
45576841,73149204,1587427391659,3,6846.0,BTC-PERPETUAL,6852.09,sell,530.0,
45576842,73149205,1587427391659,3,6846.0,BTC-PERPETUAL,6852.09,sell,10.0,
45576843,73149206,1587427391659,3,6846.0,BTC-PERPETUAL,6852.09,sell,10.0,
45576844,73149207,1587427391659,3,6846.0,BTC-PERPETUAL,6852.09,sell,10.0,
45576845,73149208,1587427391659,3,6846.0,BTC-PERPETUAL,6852.09,sell,16480.0,
45576846,73149209,1587427391659,3,6846.0,BTC-PERPETUAL,6852.09,sell,890.0,
45576847,73149210,1587427391659,2,6845.5,BTC-PERPETUAL,6852.09,sell,2000.0,
45576848,73149211,1587427391659,3,6845.5,BTC-PERPETUAL,6852.09,sell,1140.0,
45576849,73149212,1587427391659,3,6845.5,BTC-PERPETUAL,6852.09,sell,2500.0,
45576850,73149213,1587427391659,2,6845.0,BTC-PERPETUAL,6852.09,sell,20.0,
45576851,73149214,1587427391659,3,6845.0,BTC-PERPETUAL,6852.09,sell,2500.0,
45576852,73149215,1587427391659,2,6844.5,BTC-PERPETUAL,6852.09,sell,16650.0,
45576853,73149216,1587427391659,3,6844.5,BTC-PERPETUAL,6852.09,sell,10.0,
45576854,73149217,1587427391659,3,6844.5,BTC-PERPETUAL,6852.09,sell,10.0,
45576855,73149218,1587427391659,3,6844.5,BTC-PERPETUAL,6852.09,sell,6940.0,
45576856,73149219,1587427391680,0,6845.5,BTC-PERPETUAL,6852.09,sell,20.0,
45576857,73149225,1587427395232,2,6844.0,BTC-PERPETUAL,6848.03,sell,20.0,
45576858,73149226,1587427395232,3,6844.0,BTC-PERPETUAL,6848.03,sell,10.0,
45576859,73149227,1587427395232,3,6844.0,BTC-PERPETUAL,6848.03,sell,10.0,
45576860,73149228,1587427395232,3,6844.0,BTC-PERPETUAL,6848.03,sell,20.0,
45576861,73149229,1587427395232,3,6844.0,BTC-PERPETUAL,6848.03,sell,20.0,
45576862,73149230,1587427395232,3,6844.0,BTC-PERPETUAL,6848.03,sell,500.0,
45576863,73149234,1587427403623,2,6843.0,BTC-PERPETUAL,6847.87,sell,10.0,
45576864,73149235,1587427404610,3,6843.0,BTC-PERPETUAL,6847.95,sell,10.0,
45576865,73149236,1587427404610,3,6843.0,BTC-PERPETUAL,6847.95,sell,10.0,
45576866,73149237,1587427405861,3,6843.0,BTC-PERPETUAL,6847.9,sell,20.0,
45576867,73149238,1587427405861,3,6843.0,BTC-PERPETUAL,6847.9,sell,1000.0,
45576868,73149239,1587427405861,3,6843.0,BTC-PERPETUAL,6847.9,sell,300.0,
45576869,73149240,1587427405861,3,6843.0,BTC-PERPETUAL,6847.9,sell,500.0,
45576870,73149241,1587427405861,3,6843.0,BTC-PERPETUAL,6847.9,sell,500.0,
45576871,73149242,1587427405861,3,6843.0,BTC-PERPETUAL,6847.9,sell,250.0,
45576872,73149243,1587427405861,3,6843.0,BTC-PERPETUAL,6847.9,sell,910.0,
45576873,73149244,1587427405861,3,6843.0,BTC-PERPETUAL,6847.9,sell,1560.0,
45576874,73149247,1587427412074,3,6843.0,BTC-PERPETUAL,6848.0,sell,20.0,
45576875,73149248,1587427412915,0,6843.5,BTC-PERPETUAL,6847.68,buy,140.0,
45576876,73149249,1587427415780,2,6843.0,BTC-PERPETUAL,6847.68,sell,10.0,
45576877,73149252,1587427423588,3,6843.0,BTC-PERPETUAL,6848.1,sell,10.0,
45576878,73149255,1587427426089,0,6843.5,BTC-PERPETUAL,6848.12,buy,1840.0,
45576879,73149256,1587427426089,1,6843.5,BTC-PERPETUAL,6848.12,buy,140.0,
45576880,73149257,1587427426089,1,6843.5,BTC-PERPETUAL,6848.12,buy,420.0,
45576881,73149258,1587427426394,2,6843.0,BTC-PERPETUAL,6848.12,sell,140.0,
45576882,73149260,1587427430325,0,6843.5,BTC-PERPETUAL,6848.41,buy,10.0,
45576883,73149261,1587427430334,1,6843.5,BTC-PERPETUAL,6848.41,buy,10.0,
45576884,73149262,1587427430339,1,6843.5,BTC-PERPETUAL,6848.41,buy,10.0,
45576885,73149264,1587427431561,1,6843.5,BTC-PERPETUAL,6848.46,buy,2000.0,
45576886,73149265,1587427431561,1,6843.5,BTC-PERPETUAL,6848.46,buy,21290.0,
45576887,73149266,1587427431561,1,6843.5,BTC-PERPETUAL,6848.46,buy,2000.0,
45576888,73149267,1587427431561,1,6843.5,BTC-PERPETUAL,6848.46,buy,20.0,
45576889,73149268,1587427431561,1,6843.5,BTC-PERPETUAL,6848.46,buy,10.0,
45576890,73149269,1587427431561,1,6843.5,BTC-PERPETUAL,6848.46,buy,10.0,
45576891,73149270,1587427431561,1,6843.5,BTC-PERPETUAL,6848.46,buy,10.0,
45576892,73149271,1587427431561,1,6843.5,BTC-PERPETUAL,6848.46,buy,40.0,
45576893,73149272,1587427431561,1,6843.5,BTC-PERPETUAL,6848.46,buy,10.0,
45576894,73149273,1587427431561,0,6844.0,BTC-PERPETUAL,6848.46,buy,20.0,
45576895,73149274,1587427431561,0,6844.5,BTC-PERPETUAL,6848.46,buy,100.0,
45576896,73149275,1587427431561,1,6844.5,BTC-PERPETUAL,6848.46,buy,1000.0,
45576897,73149277,1587427431766,0,6845.0,BTC-PERPETUAL,6848.46,buy,20.0,
45576898,73149278,1587427431766,1,6845.0,BTC-PERPETUAL,6848.46,buy,10.0,
45576899,73149279,1587427431876,0,6845.5,BTC-PERPETUAL,6848.46,buy,20.0,
45576900,73149280,1587427431876,0,6846.0,BTC-PERPETUAL,6848.46,buy,10.0,
45576901,73149281,1587427431876,0,6846.5,BTC-PERPETUAL,6848.46,buy,30.0,
45576902,73149282,1587427431876,0,6847.5,BTC-PERPETUAL,6848.46,buy,440.0,
45576903,73149283,1587427431876,0,6848.0,BTC-PERPETUAL,6848.46,buy,20.0,
45576904,73149284,1587427431876,0,6848.5,BTC-PERPETUAL,6848.46,buy,1000.0,
45576905,73149285,1587427431876,1,6848.5,BTC-PERPETUAL,6848.46,buy,2000.0,
45576906,73149286,1587427431876,1,6848.5,BTC-PERPETUAL,6848.46,buy,2000.0,
45576907,73149287,1587427431876,1,6848.5,BTC-PERPETUAL,6848.46,buy,4480.0,
45576908,73149289,1587427433349,2,6848.0,BTC-PERPETUAL,6850.52,sell,10.0,
45576909,73149291,1587427435749,0,6848.5,BTC-PERPETUAL,6851.44,buy,1550.0,
45576910,73149292,1587427435749,1,6848.5,BTC-PERPETUAL,6851.44,buy,10.0,
45576911,73149293,1587427435749,1,6848.5,BTC-PERPETUAL,6851.44,buy,20.0,
45576912,73149294,1587427435749,1,6848.5,BTC-PERPETUAL,6851.44,buy,10.0,
45576913,73149295,1587427435749,1,6848.5,BTC-PERPETUAL,6851.44,buy,10.0,
45576914,73149296,1587427436948,0,6849.0,BTC-PERPETUAL,6852.31,buy,50.0,
45576915,73149297,1587427436948,1,6849.0,BTC-PERPETUAL,6852.31,buy,50.0,
45576916,73149298,1587427436948,1,6849.0,BTC-PERPETUAL,6852.31,buy,100.0,
45576917,73149299,1587427436948,1,6849.0,BTC-PERPETUAL,6852.31,buy,900.0,
45576918,73149300,1587427436948,1,6849.0,BTC-PERPETUAL,6852.31,buy,10.0,
45576919,73149301,1587427436948,1,6849.0,BTC-PERPETUAL,6852.31,buy,10.0,
45576920,73149302,1587427436948,0,6849.5,BTC-PERPETUAL,6852.31,buy,10.0,
45576921,73149303,1587427436948,0,6850.0,BTC-PERPETUAL,6852.31,buy,2000.0,
45576922,73149304,1587427436948,1,6850.0,BTC-PERPETUAL,6852.31,buy,10.0,
45576923,73149305,1587427436948,1,6850.0,BTC-PERPETUAL,6852.31,buy,10.0,
45576924,73149306,1587427436948,0,6851.0,BTC-PERPETUAL,6852.31,buy,10.0,
45576925,73149307,1587427436948,1,6851.0,BTC-PERPETUAL,6852.31,buy,10.0,
45576926,73149308,1587427436948,1,6851.0,BTC-PERPETUAL,6852.31,buy,90.0,
45576927,73149309,1587427436948,1,6851.0,BTC-PERPETUAL,6852.31,buy,20.0,
45576928,73149310,1587427436948,0,6851.5,BTC-PERPETUAL,6852.31,buy,130.0,
45576929,73149311,1587427436948,0,6852.0,BTC-PERPETUAL,6852.31,buy,10.0,
45576930,73149312,1587427436948,1,6852.0,BTC-PERPETUAL,6852.31,buy,10.0,
45576931,73149313,1587427436948,1,6852.0,BTC-PERPETUAL,6852.31,buy,10.0,
45576932,73149314,1587427436948,1,6852.0,BTC-PERPETUAL,6852.31,buy,540.0,
45576933,73149315,1587427436948,1,6852.0,BTC-PERPETUAL,6852.31,buy,1000.0,
45576934,73149316,1587427436948,1,6852.0,BTC-PERPETUAL,6852.31,buy,20.0,
45576935,73149317,1587427436948,1,6852.0,BTC-PERPETUAL,6852.31,buy,20.0,
45576936,73149318,1587427436948,1,6852.0,BTC-PERPETUAL,6852.31,buy,20.0,
45576937,73149319,1587427436948,1,6852.0,BTC-PERPETUAL,6852.31,buy,20.0,
45576938,73149320,1587427436948,1,6852.0,BTC-PERPETUAL,6852.31,buy,20.0,
45576939,73149321,1587427436948,0,6852.5,BTC-PERPETUAL,6852.31,buy,3000.0,
45576940,73149322,1587427436948,1,6852.5,BTC-PERPETUAL,6852.31,buy,2500.0,
45576941,73149323,1587427436948,1,6852.5,BTC-PERPETUAL,6852.31,buy,4420.0,
45576942,73149327,1587427443253,2,6852.0,BTC-PERPETUAL,6854.29,sell,10.0,
45576943,73149328,1587427443349,3,6852.0,BTC-PERPETUAL,6854.35,sell,1660.0,
45576944,73149329,1587427443350,3,6852.0,BTC-PERPETUAL,6854.35,sell,330.0,
45576945,73149330,1587427443350,3,6852.0,BTC-PERPETUAL,6854.35,sell,2000.0,
45576946,73149331,1587427443350,3,6852.0,BTC-PERPETUAL,6854.35,sell,500.0,
45576947,73149332,1587427443350,3,6852.0,BTC-PERPETUAL,6854.35,sell,250.0,
45576948,73149333,1587427443350,3,6852.0,BTC-PERPETUAL,6854.35,sell,1920.0,
45576949,73149334,1587427443362,3,6852.0,BTC-PERPETUAL,6854.35,sell,1340.0,
45576950,73149335,1587427443362,3,6852.0,BTC-PERPETUAL,6854.35,sell,20.0,
45576951,73149336,1587427443362,3,6852.0,BTC-PERPETUAL,6854.35,sell,6850.0,
45576952,73149337,1587427443362,3,6852.0,BTC-PERPETUAL,6854.35,sell,10.0,
45576953,73149338,1587427443402,2,6851.5,BTC-PERPETUAL,6854.35,sell,3000.0,
45576954,73149339,1587427443405,2,6851.0,BTC-PERPETUAL,6854.35,sell,10.0,
45576955,73149340,1587427443431,2,6850.5,BTC-PERPETUAL,6854.35,sell,10.0,
45576956,73149344,1587427447619,2,6849.5,BTC-PERPETUAL,6853.08,sell,10.0,
45576957,73149347,1587427449649,3,6849.5,BTC-PERPETUAL,6853.44,sell,10.0,
45576958,73149348,1587427452530,3,6849.5,BTC-PERPETUAL,6853.66,sell,10.0,
45576959,73149349,1587427453741,3,6849.5,BTC-PERPETUAL,6853.29,sell,100.0,
45576960,73149350,1587427453741,3,6849.5,BTC-PERPETUAL,6853.29,sell,10.0,
45576961,73149351,1587427453741,3,6849.5,BTC-PERPETUAL,6853.29,sell,20.0,
45576962,73149352,1587427453741,3,6849.5,BTC-PERPETUAL,6853.29,sell,10.0,
45576963,73149353,1587427453741,3,6849.5,BTC-PERPETUAL,6853.29,sell,360.0,
45576964,73149355,1587427460704,3,6849.5,BTC-PERPETUAL,6853.18,sell,480.0,
45576965,73149356,1587427472198,3,6849.5,BTC-PERPETUAL,6852.67,sell,10.0,
45576966,73149357,1587427481014,2,6849.0,BTC-PERPETUAL,6852.72,sell,10.0,
45576967,73149358,1587427481014,3,6849.0,BTC-PERPETUAL,6852.72,sell,10.0,
45576968,73149359,1587427481014,3,6849.0,BTC-PERPETUAL,6852.72,sell,990.0,
45576969,73149360,1587427481014,3,6849.0,BTC-PERPETUAL,6852.72,sell,10.0,
45576970,73149361,1587427482637,2,6848.0,BTC-PERPETUAL,6852.08,sell,10.0,
45576971,73149362,1587427482637,3,6848.0,BTC-PERPETUAL,6852.08,sell,10.0,
45576972,73149363,1587427482637,3,6848.0,BTC-PERPETUAL,6852.08,sell,10.0,
45576973,73149364,1587427482637,3,6848.0,BTC-PERPETUAL,6852.08,sell,50.0,
45576974,73149365,1587427482637,3,6848.0,BTC-PERPETUAL,6852.08,sell,50.0,
45576975,73149366,1587427482637,3,6848.0,BTC-PERPETUAL,6852.08,sell,20.0,
45576976,73149367,1587427482637,3,6848.0,BTC-PERPETUAL,6852.08,sell,100.0,
45576977,73149368,1587427482637,3,6848.0,BTC-PERPETUAL,6852.08,sell,1120.0,
45576978,73149369,1587427482900,2,6847.0,BTC-PERPETUAL,6852.08,sell,10.0,
45576979,73149370,1587427482900,3,6847.0,BTC-PERPETUAL,6852.08,sell,10.0,
45576980,73149372,1587427487360,2,6846.5,BTC-PERPETUAL,6850.23,sell,30.0,
45576981,73149373,1587427487360,3,6846.5,BTC-PERPETUAL,6850.23,sell,300.0,
45576982,73149374,1587427487360,3,6846.5,BTC-PERPETUAL,6850.23,sell,10.0,
45576983,73149376,1587427487534,2,6846.0,BTC-PERPETUAL,6850.23,sell,20.0,
45576984,73149377,1587427487534,3,6846.0,BTC-PERPETUAL,6850.23,sell,20.0,
45576985,73149383,1587427495760,2,6845.0,BTC-PERPETUAL,6847.99,sell,20.0,
45576986,73149384,1587427495760,3,6845.0,BTC-PERPETUAL,6847.99,sell,200.0,
45576987,73149385,1587427495760,3,6845.0,BTC-PERPETUAL,6847.99,sell,500.0,
45576988,73149386,1587427495760,3,6845.0,BTC-PERPETUAL,6847.99,sell,100.0,
45576989,73149387,1587427495760,3,6845.0,BTC-PERPETUAL,6847.99,sell,1000.0,
45576990,73149389,1587427495782,2,6844.5,BTC-PERPETUAL,6847.99,sell,20.0,
45576991,73149390,1587427495785,2,6844.0,BTC-PERPETUAL,6847.99,sell,20.0,
45576992,73149391,1587427495791,2,6843.5,BTC-PERPETUAL,6847.99,sell,3000.0,
45576993,73149394,1587427495818,2,6843.0,BTC-PERPETUAL,6847.99,sell,2000.0,
45576994,73149395,1587427495818,3,6843.0,BTC-PERPETUAL,6847.99,sell,450.0,
45576995,73149396,1587427495843,3,6843.0,BTC-PERPETUAL,6847.99,sell,2450.0,
45576996,73149399,1587427495874,3,6843.0,BTC-PERPETUAL,6847.99,sell,2340.0,
45576997,73149400,1587427495885,3,6843.0,BTC-PERPETUAL,6847.99,sell,2450.0,
45576998,73149401,1587427495888,3,6843.0,BTC-PERPETUAL,6847.99,sell,2450.0,
45576999,73149404,1587427495986,3,6843.0,BTC-PERPETUAL,6847.99,sell,20.0,
45577000,73149405,1587427496050,2,6842.5,BTC-PERPETUAL,6847.99,sell,450.0,
45577001,73149406,1587427496050,3,6842.5,BTC-PERPETUAL,6847.99,sell,50.0,
45577002,73149407,1587427496086,3,6842.5,BTC-PERPETUAL,6847.99,sell,1500.0,
45577003,73149409,1587427496291,3,6842.5,BTC-PERPETUAL,6847.99,sell,450.0,
45577004,73149410,1587427496296,2,6842.0,BTC-PERPETUAL,6847.99,sell,50.0,
45577005,73149411,1587427496296,3,6842.0,BTC-PERPETUAL,6847.99,sell,10.0,
45577006,73149412,1587427496296,3,6842.0,BTC-PERPETUAL,6847.99,sell,20.0,
45577007,73149413,1587427496296,3,6842.0,BTC-PERPETUAL,6847.99,sell,90.0,
45577008,73149414,1587427496296,3,6842.0,BTC-PERPETUAL,6847.99,sell,500.0,
45577009,73149415,1587427496309,2,6841.5,BTC-PERPETUAL,6847.99,sell,10.0,
45577010,73149416,1587427496314,2,6841.0,BTC-PERPETUAL,6847.99,sell,10.0,
45577011,73149417,1587427496314,3,6841.0,BTC-PERPETUAL,6847.99,sell,10.0,
45577012,73149418,1587427496314,3,6841.0,BTC-PERPETUAL,6847.99,sell,20.0,
45577013,73149419,1587427496314,3,6841.0,BTC-PERPETUAL,6847.99,sell,20.0,
45577014,73149420,1587427496326,2,6840.5,BTC-PERPETUAL,6847.99,sell,440.0,
45577015,73149429,1587427501666,3,6840.5,BTC-PERPETUAL,6845.34,buy,2000.0,
45577016,73149430,1587427501666,3,6840.5,BTC-PERPETUAL,6845.34,buy,400.0,
45577017,73149431,1587427501667,3,6840.5,BTC-PERPETUAL,6845.34,buy,1600.0,
45577018,73149432,1587427501667,3,6840.5,BTC-PERPETUAL,6845.34,buy,10.0,
45577019,73149434,1587427501708,0,6841.0,BTC-PERPETUAL,6845.43,buy,10.0,
45577020,73149435,1587427501735,0,6841.5,BTC-PERPETUAL,6845.43,buy,10.0,
45577021,73149437,1587427512644,1,6841.5,BTC-PERPETUAL,6845.09,sell,400.0,
45577022,73149438,1587427512644,1,6841.5,BTC-PERPETUAL,6845.09,sell,2000.0,
45577023,73149439,1587427512644,2,6840.5,BTC-PERPETUAL,6845.09,sell,1000.0,
45577024,73149440,1587427512644,3,6840.5,BTC-PERPETUAL,6845.09,sell,540.0,
45577025,73149441,1587427512644,2,6840.0,BTC-PERPETUAL,6845.09,sell,20.0,
45577026,73149442,1587427512644,3,6840.0,BTC-PERPETUAL,6845.09,sell,20.0,
45577027,73149443,1587427512644,3,6840.0,BTC-PERPETUAL,6845.09,sell,10.0,
45577028,73149444,1587427512644,3,6840.0,BTC-PERPETUAL,6845.09,sell,10.0,
45577029,73149445,1587427512644,3,6840.0,BTC-PERPETUAL,6845.09,sell,10.0,
45577030,73149446,1587427512644,3,6840.0,BTC-PERPETUAL,6845.09,sell,50.0,
45577031,73149447,1587427512644,3,6840.0,BTC-PERPETUAL,6845.09,sell,10.0,
45577032,73149448,1587427512644,3,6840.0,BTC-PERPETUAL,6845.09,sell,340.0,
45577033,73149449,1587427512644,3,6840.0,BTC-PERPETUAL,6845.09,sell,50.0,
45577034,73149450,1587427512644,3,6840.0,BTC-PERPETUAL,6845.09,sell,10.0,
45577035,73149451,1587427512644,3,6840.0,BTC-PERPETUAL,6845.09,sell,20.0,
45577036,73149452,1587427512644,3,6840.0,BTC-PERPETUAL,6845.09,sell,20.0,
45577037,73149453,1587427512644,3,6840.0,BTC-PERPETUAL,6845.09,sell,20.0,
45577038,73149454,1587427512644,3,6840.0,BTC-PERPETUAL,6845.09,sell,10.0,
45577039,73149455,1587427512644,3,6840.0,BTC-PERPETUAL,6845.09,sell,460.0,
45577040,73149456,1587427512660,3,6840.0,BTC-PERPETUAL,6845.09,sell,10.0,
45577041,73149457,1587427512745,3,6840.0,BTC-PERPETUAL,6845.09,sell,10.0,
45577042,73149458,1587427521519,0,6840.5,BTC-PERPETUAL,6844.29,buy,400.0,
45577043,73149459,1587427521519,1,6840.5,BTC-PERPETUAL,6844.29,buy,400.0,
45577044,73149460,1587427521519,1,6840.5,BTC-PERPETUAL,6844.29,buy,120.0,
45577045,73149461,1587427522626,2,6840.0,BTC-PERPETUAL,6844.34,sell,600.0,
45577046,73149462,1587427534778,3,6840.0,BTC-PERPETUAL,6844.03,sell,20.0,
45577047,73149463,1587427534778,3,6840.0,BTC-PERPETUAL,6844.03,sell,10.0,
45577048,73149464,1587427534778,3,6840.0,BTC-PERPETUAL,6844.03,sell,40.0,
45577049,73149465,1587427534778,3,6840.0,BTC-PERPETUAL,6844.03,sell,500.0,
45577050,73149466,1587427534778,3,6840.0,BTC-PERPETUAL,6844.03,sell,400.0,
45577051,73149467,1587427534778,3,6840.0,BTC-PERPETUAL,6844.03,sell,10.0,
45577052,73149468,1587427534778,3,6840.0,BTC-PERPETUAL,6844.03,sell,1000.0,
45577053,73149469,1587427534778,3,6840.0,BTC-PERPETUAL,6844.03,sell,50.0,
45577054,73149470,1587427534784,2,6839.5,BTC-PERPETUAL,6844.03,sell,10.0,
45577055,73149471,1587427534784,3,6839.5,BTC-PERPETUAL,6844.03,sell,120.0,
45577056,73149472,1587427534784,3,6839.5,BTC-PERPETUAL,6844.03,sell,120.0,
45577057,73149473,1587427534786,2,6839.0,BTC-PERPETUAL,6844.03,sell,20.0,
45577058,73149474,1587427534974,2,6838.0,BTC-PERPETUAL,6843.57,sell,20.0,
45577059,73149475,1587427534974,3,6838.0,BTC-PERPETUAL,6843.57,sell,10.0,
45577060,73149476,1587427539065,3,6838.0,BTC-PERPETUAL,6844.06,sell,200.0,
45577061,73149477,1587427542095,0,6838.5,BTC-PERPETUAL,6844.16,buy,5990.0,
45577062,73149478,1587427542128,1,6838.5,BTC-PERPETUAL,6844.16,buy,10.0,
45577063,73149479,1587427542130,0,6839.5,BTC-PERPETUAL,6844.16,buy,10.0,
45577064,73149480,1587427542135,1,6839.5,BTC-PERPETUAL,6844.16,buy,10.0,
45577065,73149486,1587427542545,0,6840.0,BTC-PERPETUAL,6844.16,sell,4000.0,
45577066,73149487,1587427542545,1,6840.0,BTC-PERPETUAL,6844.16,sell,15130.0,
45577067,73149488,1587427542545,1,6840.0,BTC-PERPETUAL,6844.16,sell,4000.0,
45577068,73149489,1587427542545,1,6840.0,BTC-PERPETUAL,6844.16,sell,21870.0,
45577069,73149490,1587427542849,1,6840.0,BTC-PERPETUAL,6844.16,sell,1170.0,
45577070,73149491,1587427542971,0,6840.5,BTC-PERPETUAL,6844.16,buy,40.0,
45577071,73149492,1587427542971,1,6840.5,BTC-PERPETUAL,6844.16,buy,370.0,
45577072,73149493,1587427542971,1,6840.5,BTC-PERPETUAL,6844.16,buy,10.0,
45577073,73149494,1587427542971,1,6840.5,BTC-PERPETUAL,6844.16,buy,4000.0,
45577074,73149495,1587427542971,1,6840.5,BTC-PERPETUAL,6844.16,buy,4000.0,
45577075,73149496,1587427542971,1,6840.5,BTC-PERPETUAL,6844.16,buy,130.0,
45577076,73149497,1587427546035,0,6841.0,BTC-PERPETUAL,6846.37,buy,10.0,
45577077,73149498,1587427546035,1,6841.0,BTC-PERPETUAL,6846.37,buy,10.0,
45577078,73149499,1587427546035,1,6841.0,BTC-PERPETUAL,6846.37,buy,370.0,
45577079,73149500,1587427546035,1,6841.0,BTC-PERPETUAL,6846.37,buy,210.0,
45577080,73149503,1587427547816,1,6841.0,BTC-PERPETUAL,6847.0,buy,10.0,
45577081,73149504,1587427547957,1,6841.0,BTC-PERPETUAL,6847.0,buy,1040.0,
45577082,73149505,1587427547957,1,6841.0,BTC-PERPETUAL,6847.0,buy,100.0,
45577083,73149506,1587427547957,1,6841.0,BTC-PERPETUAL,6847.0,buy,30.0,
45577084,73149507,1587427547957,0,6841.5,BTC-PERPETUAL,6847.0,buy,370.0,
45577085,73149508,1587427547957,0,6842.0,BTC-PERPETUAL,6847.0,buy,10.0,
45577086,73149509,1587427547957,1,6842.0,BTC-PERPETUAL,6847.0,buy,10.0,
45577087,73149510,1587427547957,1,6842.0,BTC-PERPETUAL,6847.0,buy,20.0,
45577088,73149511,1587427547957,1,6842.0,BTC-PERPETUAL,6847.0,buy,20.0,
45577089,73149515,1587427548508,0,6843.5,BTC-PERPETUAL,6847.2,buy,130.0,
45577090,73149516,1587427548508,1,6843.5,BTC-PERPETUAL,6847.2,buy,10.0,
45577091,73149519,1587427549188,0,6844.0,BTC-PERPETUAL,6848.6,buy,10.0,
45577092,73149520,1587427549188,1,6844.0,BTC-PERPETUAL,6848.6,buy,10.0,
45577093,73149521,1587427550215,0,6845.0,BTC-PERPETUAL,6849.8,buy,10.0,
45577094,73149522,1587427550215,1,6845.0,BTC-PERPETUAL,6849.8,buy,10.0,
45577095,73149523,1587427550215,1,6845.0,BTC-PERPETUAL,6849.8,buy,10.0,
45577096,73149524,1587427550215,1,6845.0,BTC-PERPETUAL,6849.8,buy,10.0,
45577097,73149525,1587427550215,1,6845.0,BTC-PERPETUAL,6849.8,buy,30.0,
45577098,73149526,1587427550215,1,6845.0,BTC-PERPETUAL,6849.8,buy,30.0,
45577099,73149527,1587427551372,2,6844.5,BTC-PERPETUAL,6849.77,sell,150.0,
45577100,73149528,1587427561276,0,6845.0,BTC-PERPETUAL,6850.72,buy,570.0,
45577101,73149529,1587427561276,1,6845.0,BTC-PERPETUAL,6850.72,buy,10.0,
45577102,73149530,1587427561276,1,6845.0,BTC-PERPETUAL,6850.72,buy,15330.0,
45577103,73149531,1587427561276,1,6845.0,BTC-PERPETUAL,6850.72,buy,30.0,
45577104,73149532,1587427561276,1,6845.0,BTC-PERPETUAL,6850.72,buy,10.0,
45577105,73149533,1587427561276,1,6845.0,BTC-PERPETUAL,6850.72,buy,20.0,
45577106,73149534,1587427561276,0,6846.0,BTC-PERPETUAL,6850.72,buy,20.0,
45577107,73149535,1587427561400,0,6846.5,BTC-PERPETUAL,6850.72,buy,30.0,
45577108,73149536,1587427561400,1,6846.5,BTC-PERPETUAL,6850.72,buy,1000.0,
45577109,73149537,1587427561400,0,6847.0,BTC-PERPETUAL,6850.72,buy,10.0,
45577110,73149538,1587427561400,1,6847.0,BTC-PERPETUAL,6850.72,buy,10.0,
45577111,73149539,1587427561400,1,6847.0,BTC-PERPETUAL,6850.72,buy,20.0,
45577112,73149540,1587427561400,0,6847.5,BTC-PERPETUAL,6850.72,buy,500.0,
45577113,73149541,1587427561400,0,6848.0,BTC-PERPETUAL,6850.72,buy,20.0,
45577114,73149542,1587427561400,1,6848.0,BTC-PERPETUAL,6850.72,buy,20.0,
45577115,73149543,1587427561400,1,6848.0,BTC-PERPETUAL,6850.72,buy,20.0,
45577116,73149544,1587427561400,1,6848.0,BTC-PERPETUAL,6850.72,buy,10.0,
45577117,73149545,1587427561400,1,6848.0,BTC-PERPETUAL,6850.72,buy,3000.0,
45577118,73149546,1587427561400,1,6848.0,BTC-PERPETUAL,6850.72,buy,20.0,
45577119,73149547,1587427561400,1,6848.0,BTC-PERPETUAL,6850.72,buy,130.0,
45577120,73149548,1587427561400,0,6848.5,BTC-PERPETUAL,6850.72,buy,2000.0,
45577121,73149549,1587427561400,1,6848.5,BTC-PERPETUAL,6850.72,buy,1140.0,
45577122,73149550,1587427561400,0,6849.0,BTC-PERPETUAL,6850.72,buy,50.0,
45577123,73149551,1587427561400,1,6849.0,BTC-PERPETUAL,6850.72,buy,50.0,
45577124,73149552,1587427561400,1,6849.0,BTC-PERPETUAL,6850.72,buy,1970.0,
45577125,73149553,1587427562063,1,6849.0,BTC-PERPETUAL,6850.72,buy,150.0,
45577126,73149554,1587427562063,0,6850.0,BTC-PERPETUAL,6850.72,buy,10.0,
45577127,73149555,1587427562063,1,6850.0,BTC-PERPETUAL,6850.72,buy,10.0,
45577128,73149556,1587427562063,1,6850.0,BTC-PERPETUAL,6850.72,buy,10.0,
45577129,73149557,1587427562063,1,6850.0,BTC-PERPETUAL,6850.72,buy,20.0,
45577130,73149558,1587427562063,1,6850.0,BTC-PERPETUAL,6850.72,buy,10.0,
45577131,73149559,1587427562063,1,6850.0,BTC-PERPETUAL,6850.72,buy,10.0,
45577132,73149560,1587427562063,1,6850.0,BTC-PERPETUAL,6850.72,buy,330.0,
45577133,73149561,1587427562063,1,6850.0,BTC-PERPETUAL,6850.72,buy,50.0,
45577134,73149562,1587427565282,1,6850.0,BTC-PERPETUAL,6853.26,buy,7000.0,
45577135,73149565,1587427569084,2,6849.0,BTC-PERPETUAL,6853.58,sell,10.0,
45577136,73149566,1587427569086,3,6849.0,BTC-PERPETUAL,6853.58,sell,10.0,
45577137,73149567,1587427569100,2,6848.5,BTC-PERPETUAL,6853.58,sell,10.0,
45577138,73149569,1587427572424,2,6848.0,BTC-PERPETUAL,6852.85,sell,50.0,
45577139,73149570,1587427572424,3,6848.0,BTC-PERPETUAL,6852.85,sell,50.0,
45577140,73149571,1587427572424,3,6848.0,BTC-PERPETUAL,6852.85,sell,10.0,
45577141,73149572,1587427572424,3,6848.0,BTC-PERPETUAL,6852.85,sell,700.0,
45577142,73149573,1587427576458,0,6848.5,BTC-PERPETUAL,6852.88,buy,10.0,
45577143,73149574,1587427576458,1,6848.5,BTC-PERPETUAL,6852.88,buy,40.0,
45577144,73149575,1587427576458,0,6849.0,BTC-PERPETUAL,6852.88,buy,10.0,
45577145,73149576,1587427576458,1,6849.0,BTC-PERPETUAL,6852.88,buy,50.0,
45577146,73149577,1587427576458,1,6849.0,BTC-PERPETUAL,6852.88,buy,30.0,
