trade_id,timestamp,tick_direction,price,instrument_name,index_price,direction,amount
77436382,1589414400698,1,9319.0,BTC-PERPETUAL,9319.47,buy,130.0
77436383,1589414400698,1,9319.0,BTC-PERPETUAL,9319.47,buy,370.0
77436384,1589414401157,2,9318.5,BTC-PERPETUAL,9319.47,sell,200.0
77436385,1589414401224,0,9319.0,BTC-PERPETUAL,9319.47,buy,2140.0
77436386,1589414401224,1,9319.0,BTC-PERPETUAL,9319.47,buy,60.0
77436387,1589414401224,1,9319.0,BTC-PERPETUAL,9319.47,buy,5000.0
77436388,1589414401224,1,9319.0,BTC-PERPETUAL,9319.47,buy,30.0
77436389,1589414401224,1,9319.0,BTC-PERPETUAL,9319.47,buy,3000.0
77436390,1589414401224,1,9319.0,BTC-PERPETUAL,9319.47,buy,1000.0
77436391,1589414401224,1,9319.0,BTC-PERPETUAL,9319.47,buy,20.0
77436392,1589414401224,1,9319.0,BTC-PERPETUAL,9319.47,buy,30.0
77436393,1589414401224,1,9319.0,BTC-PERPETUAL,9319.47,buy,13000.0
77436394,1589414401224,1,9319.0,BTC-PERPETUAL,9319.47,buy,200.0
77436395,1589414401224,0,9319.5,BTC-PERPETUAL,9319.47,buy,110.0
77436396,1589414401224,1,9319.5,BTC-PERPETUAL,9319.47,buy,150.0
77436397,1589414401224,1,9319.5,BTC-PERPETUAL,9319.47,buy,1000.0
77436398,1589414401224,1,9319.5,BTC-PERPETUAL,9319.47,buy,60.0
77436399,1589414401224,1,9319.5,BTC-PERPETUAL,9319.47,buy,5000.0
77436400,1589414401224,0,9320.0,BTC-PERPETUAL,9319.47,buy,20.0
77436401,1589414401224,1,9320.0,BTC-PERPETUAL,9319.47,buy,80.0
77436402,1589414401224,1,9320.0,BTC-PERPETUAL,9319.47,buy,10.0
77436403,1589414401224,1,9320.0,BTC-PERPETUAL,9319.47,buy,50.0
77436404,1589414401224,1,9320.0,BTC-PERPETUAL,9319.47,buy,150.0
77436405,1589414401224,1,9320.0,BTC-PERPETUAL,9319.47,buy,150.0
77436406,1589414401224,1,9320.0,BTC-PERPETUAL,9319.47,buy,150.0
77436407,1589414401224,0,9320.5,BTC-PERPETUAL,9319.47,buy,150.0
77436408,1589414401224,1,9320.5,BTC-PERPETUAL,9319.47,buy,1500.0
77436409,1589414401224,1,9320.5,BTC-PERPETUAL,9319.47,buy,200.0
77436410,1589414401224,1,9320.5,BTC-PERPETUAL,9319.47,buy,170.0
77436411,1589414401224,0,9321.0,BTC-PERPETUAL,9319.47,buy,1000.0
77436412,1589414401224,1,9321.0,BTC-PERPETUAL,9319.47,buy,500.0
77436413,1589414401224,1,9321.0,BTC-PERPETUAL,9319.47,buy,150.0
77436414,1589414401224,1,9321.0,BTC-PERPETUAL,9319.47,buy,1800.0
77436415,1589414401224,1,9321.0,BTC-PERPETUAL,9319.47,buy,250.0
77436416,1589414401224,1,9321.0,BTC-PERPETUAL,9319.47,buy,10.0
77436417,1589414401224,1,9321.0,BTC-PERPETUAL,9319.47,buy,3000.0
77436418,1589414401224,0,9321.5,BTC-PERPETUAL,9319.47,buy,1000.0
77436419,1589414401224,1,9321.5,BTC-PERPETUAL,9319.47,buy,100.0
77436420,1589414401224,1,9321.5,BTC-PERPETUAL,9319.47,buy,100.0
77436421,1589414401224,1,9321.5,BTC-PERPETUAL,9319.47,buy,100.0
77436422,1589414401224,1,9321.5,BTC-PERPETUAL,9319.47,buy,12000.0
77436423,1589414401224,1,9321.5,BTC-PERPETUAL,9319.47,buy,20000.0
77436424,1589414401224,0,9322.0,BTC-PERPETUAL,9319.47,buy,10.0
77436425,1589414401224,1,9322.0,BTC-PERPETUAL,9319.47,buy,10.0
77436426,1589414401224,1,9322.0,BTC-PERPETUAL,9319.47,buy,50.0
77436427,1589414401224,1,9322.0,BTC-PERPETUAL,9319.47,buy,10.0
77436428,1589414401224,1,9322.0,BTC-PERPETUAL,9319.47,buy,100.0
77436429,1589414401224,1,9322.0,BTC-PERPETUAL,9319.47,buy,1250.0
77436430,1589414401224,1,9322.0,BTC-PERPETUAL,9319.47,buy,10.0
77436431,1589414401224,1,9322.0,BTC-PERPETUAL,9319.47,buy,10.0
77436432,1589414401224,0,9322.5,BTC-PERPETUAL,9319.47,buy,220.0
77436433,1589414401224,1,9322.5,BTC-PERPETUAL,9319.47,buy,100.0
77436434,1589414401224,1,9322.5,BTC-PERPETUAL,9319.47,buy,50.0
77436435,1589414401224,1,9322.5,BTC-PERPETUAL,9319.47,buy,20.0
77436436,1589414401224,1,9322.5,BTC-PERPETUAL,9319.47,buy,250.0
77436437,1589414401224,1,9322.5,BTC-PERPETUAL,9319.47,buy,10.0
77436438,1589414401224,1,9322.5,BTC-PERPETUAL,9319.47,buy,10.0
77436439,1589414401224,1,9322.5,BTC-PERPETUAL,9319.47,buy,3000.0
77436440,1589414401224,1,9322.5,BTC-PERPETUAL,9319.47,buy,2090.0
77436441,1589414401290,2,9320.5,BTC-PERPETUAL,9319.53,buy,3600.0
77436442,1589414401290,3,9320.5,BTC-PERPETUAL,9319.53,buy,1440.0
77436447,1589414403489,2,9320.0,BTC-PERPETUAL,9319.96,sell,210.0
77436448,1589414404147,3,9320.0,BTC-PERPETUAL,9319.96,sell,1590.0
77436449,1589414404147,3,9320.0,BTC-PERPETUAL,9319.96,sell,1420.0
77436450,1589414404155,3,9320.0,BTC-PERPETUAL,9319.96,sell,2180.0
77436451,1589414404155,3,9320.0,BTC-PERPETUAL,9319.96,sell,3000.0
77436452,1589414404155,3,9320.0,BTC-PERPETUAL,9319.96,sell,2830.0
77436453,1589414404157,3,9320.0,BTC-PERPETUAL,9319.96,sell,8010.0
77436454,1589414404208,3,9320.0,BTC-PERPETUAL,9319.96,sell,200.0
77436455,1589414404208,3,9320.0,BTC-PERPETUAL,9319.96,sell,10.0
77436456,1589414404208,3,9320.0,BTC-PERPETUAL,9319.96,sell,10.0
77436457,1589414404208,3,9320.0,BTC-PERPETUAL,9319.96,sell,1000.0
77436458,1589414404208,3,9320.0,BTC-PERPETUAL,9319.96,sell,270.0
77436459,1589414404208,3,9320.0,BTC-PERPETUAL,9319.96,sell,520.0
77436460,1589414404241,3,9320.0,BTC-PERPETUAL,9319.96,sell,3010.0
77436461,1589414404244,3,9320.0,BTC-PERPETUAL,9319.96,sell,1470.0
77436462,1589414404259,2,9319.5,BTC-PERPETUAL,9319.96,sell,3000.0
77436463,1589414404259,3,9319.5,BTC-PERPETUAL,9319.96,sell,1720.0
77436464,1589414404264,3,9319.5,BTC-PERPETUAL,9319.96,sell,80.0
77436466,1589414404268,2,9319.0,BTC-PERPETUAL,9320.08,sell,60.0
77436467,1589414404268,3,9319.0,BTC-PERPETUAL,9320.08,sell,10.0
77436468,1589414404268,3,9319.0,BTC-PERPETUAL,9320.08,sell,60.0
77436470,1589414404297,3,9319.0,BTC-PERPETUAL,9320.08,sell,10.0
77436471,1589414404299,3,9319.0,BTC-PERPETUAL,9320.08,sell,90.0
77436472,1589414404304,3,9319.0,BTC-PERPETUAL,9320.08,sell,110.0
77436473,1589414405815,3,9319.0,BTC-PERPETUAL,9319.9,buy,100.0
77436474,1589414405895,3,9319.0,BTC-PERPETUAL,9319.9,buy,260.0
77436475,1589414406832,3,9319.0,BTC-PERPETUAL,9320.06,buy,3240.0
77436476,1589414406832,3,9319.0,BTC-PERPETUAL,9320.06,buy,3590.0
77436477,1589414407450,0,9319.5,BTC-PERPETUAL,9320.18,buy,5000.0
77436482,1589414409998,0,9320.0,BTC-PERPETUAL,9321.13,buy,10.0
77436483,1589414409998,1,9320.0,BTC-PERPETUAL,9321.13,buy,10.0
77436484,1589414409998,0,9320.5,BTC-PERPETUAL,9321.13,buy,30.0
77436485,1589414409998,1,9320.5,BTC-PERPETUAL,9321.13,buy,140.0
77436487,1589414410230,1,9320.5,BTC-PERPETUAL,9321.13,buy,450.0
77436488,1589414410230,1,9320.5,BTC-PERPETUAL,9321.13,buy,20.0
77436489,1589414410230,1,9320.5,BTC-PERPETUAL,9321.13,buy,10.0
77436490,1589414410230,0,9321.0,BTC-PERPETUAL,9321.13,buy,10.0
77436491,1589414410230,1,9321.0,BTC-PERPETUAL,9321.13,buy,10.0
77436492,1589414410230,0,9322.0,BTC-PERPETUAL,9321.13,buy,30.0
77436493,1589414410230,0,9322.5,BTC-PERPETUAL,9321.13,buy,10.0
77436494,1589414410230,1,9322.5,BTC-PERPETUAL,9321.13,buy,30.0
77436495,1589414410230,1,9322.5,BTC-PERPETUAL,9321.13,buy,200.0
77436496,1589414410230,0,9323.0,BTC-PERPETUAL,9321.13,buy,500.0
77436497,1589414410230,1,9323.0,BTC-PERPETUAL,9321.13,buy,500.0
77436498,1589414410230,1,9323.0,BTC-PERPETUAL,9321.13,buy,50.0
77436499,1589414410230,1,9323.0,BTC-PERPETUAL,9321.13,buy,10.0
77436500,1589414410230,1,9323.0,BTC-PERPETUAL,9321.13,buy,1450.0
77436501,1589414410230,0,9323.5,BTC-PERPETUAL,9321.13,buy,190.0
77436502,1589414410230,1,9323.5,BTC-PERPETUAL,9321.13,buy,10.0
77436503,1589414410230,0,9324.0,BTC-PERPETUAL,9321.13,buy,500.0
77436504,1589414410230,1,9324.0,BTC-PERPETUAL,9321.13,buy,40.0
77436505,1589414410230,1,9324.0,BTC-PERPETUAL,9321.13,buy,20.0
77436506,1589414410230,1,9324.0,BTC-PERPETUAL,9321.13,buy,5960.0
77436507,1589414411260,1,9324.0,BTC-PERPETUAL,9321.61,buy,70.0
77436508,1589414411284,1,9324.0,BTC-PERPETUAL,9321.61,buy,9320.0
77436509,1589414411284,1,9324.0,BTC-PERPETUAL,9321.61,buy,300.0
77436510,1589414411284,1,9324.0,BTC-PERPETUAL,9321.61,buy,1450.0
77436511,1589414411284,1,9324.0,BTC-PERPETUAL,9321.61,buy,20.0
77436512,1589414411284,1,9324.0,BTC-PERPETUAL,9321.61,buy,100.0
77436513,1589414411284,1,9324.0,BTC-PERPETUAL,9321.61,buy,30.0
77436514,1589414411284,1,9324.0,BTC-PERPETUAL,9321.61,buy,23440.0
77436515,1589414411287,1,9324.0,BTC-PERPETUAL,9321.61,buy,5360.0
77436516,1589414411287,1,9324.0,BTC-PERPETUAL,9321.61,buy,10.0
77436517,1589414411357,0,9324.5,BTC-PERPETUAL,9322.11,buy,160.0
77436519,1589414412548,1,9324.5,BTC-PERPETUAL,9322.31,buy,1160.0
77436521,1589414415200,1,9324.5,BTC-PERPETUAL,9323.13,buy,10.0
77436524,1589414416346,1,9324.5,BTC-PERPETUAL,9323.12,buy,310.0
77436526,1589414416385,1,9324.5,BTC-PERPETUAL,9323.22,buy,190.0
77436527,1589414416385,1,9324.5,BTC-PERPETUAL,9323.22,buy,30.0
77436528,1589414416385,1,9324.5,BTC-PERPETUAL,9323.22,buy,5000.0
77436529,1589414416387,1,9324.5,BTC-PERPETUAL,9323.22,buy,10.0
77436534,1589414416435,0,9325.0,BTC-PERPETUAL,9323.22,buy,10.0
77436535,1589414416435,1,9325.0,BTC-PERPETUAL,9323.22,buy,90.0
77436536,1589414416435,1,9325.0,BTC-PERPETUAL,9323.22,buy,50.0
77436537,1589414416435,1,9325.0,BTC-PERPETUAL,9323.22,buy,30.0
77436538,1589414416465,0,9325.5,BTC-PERPETUAL,9323.22,buy,100.0
77436539,1589414416465,1,9325.5,BTC-PERPETUAL,9323.22,buy,500.0
77436540,1589414416465,1,9325.5,BTC-PERPETUAL,9323.22,buy,500.0
77436543,1589414416484,0,9326.0,BTC-PERPETUAL,9323.22,buy,250.0
77436544,1589414416484,1,9326.0,BTC-PERPETUAL,9323.22,buy,500.0
77436545,1589414416484,1,9326.0,BTC-PERPETUAL,9323.22,buy,500.0
77436546,1589414416484,1,9326.0,BTC-PERPETUAL,9323.22,buy,500.0
77436547,1589414416484,1,9326.0,BTC-PERPETUAL,9323.22,buy,30.0
77436548,1589414416484,0,9326.5,BTC-PERPETUAL,9323.22,buy,50.0
77436549,1589414416484,1,9326.5,BTC-PERPETUAL,9323.22,buy,50.0
77436550,1589414416484,1,9326.5,BTC-PERPETUAL,9323.22,buy,50.0
77436551,1589414416484,1,9326.5,BTC-PERPETUAL,9323.22,buy,50.0
77436552,1589414416484,1,9326.5,BTC-PERPETUAL,9323.22,buy,50.0
77436553,1589414416484,1,9326.5,BTC-PERPETUAL,9323.22,buy,50.0
77436554,1589414416484,1,9326.5,BTC-PERPETUAL,9323.22,buy,5000.0
77436594,1589414419523,0,9327.0,BTC-PERPETUAL,9326.69,sell,360.0
77436595,1589414421733,0,9327.5,BTC-PERPETUAL,9327.61,buy,10.0
77436596,1589414421733,1,9327.5,BTC-PERPETUAL,9327.61,buy,30.0
77436597,1589414421733,1,9327.5,BTC-PERPETUAL,9327.61,buy,30.0
77436598,1589414421733,1,9327.5,BTC-PERPETUAL,9327.61,buy,10.0
77436599,1589414421733,0,9328.0,BTC-PERPETUAL,9327.61,buy,20.0
77436600,1589414421733,1,9328.0,BTC-PERPETUAL,9327.61,buy,10.0
77436601,1589414421733,1,9328.0,BTC-PERPETUAL,9327.61,buy,530.0
77436602,1589414421733,0,9328.5,BTC-PERPETUAL,9327.61,buy,40.0
77436603,1589414421733,1,9328.5,BTC-PERPETUAL,9327.61,buy,60.0
77436604,1589414421733,0,9329.0,BTC-PERPETUAL,9327.61,buy,100.0
77436605,1589414421733,1,9329.0,BTC-PERPETUAL,9327.61,buy,500.0
77436606,1589414421733,1,9329.0,BTC-PERPETUAL,9327.61,buy,500.0
77436607,1589414421733,1,9329.0,BTC-PERPETUAL,9327.61,buy,40.0
77436608,1589414421733,1,9329.0,BTC-PERPETUAL,9327.61,buy,40.0
77436609,1589414421733,1,9329.0,BTC-PERPETUAL,9327.61,buy,10.0
77436611,1589414421793,0,9329.5,BTC-PERPETUAL,9327.61,buy,110.0
77436612,1589414421793,1,9329.5,BTC-PERPETUAL,9327.61,buy,200.0
77436613,1589414421793,1,9329.5,BTC-PERPETUAL,9327.61,buy,40.0
77436614,1589414421793,0,9330.0,BTC-PERPETUAL,9327.61,buy,100.0
77436615,1589414421793,1,9330.0,BTC-PERPETUAL,9327.61,buy,1000.0
77436616,1589414421793,1,9330.0,BTC-PERPETUAL,9327.61,buy,10.0
77436617,1589414421793,1,9330.0,BTC-PERPETUAL,9327.61,buy,20.0
77436618,1589414421793,1,9330.0,BTC-PERPETUAL,9327.61,buy,20.0
77436619,1589414421793,1,9330.0,BTC-PERPETUAL,9327.61,buy,80.0
77436620,1589414421793,1,9330.0,BTC-PERPETUAL,9327.61,buy,80.0
77436621,1589414421793,1,9330.0,BTC-PERPETUAL,9327.61,buy,50.0
77436622,1589414421793,1,9330.0,BTC-PERPETUAL,9327.61,buy,10.0
77436623,1589414421793,1,9330.0,BTC-PERPETUAL,9327.61,buy,10.0
77436624,1589414421793,1,9330.0,BTC-PERPETUAL,9327.61,buy,20.0
77436628,1589414425582,0,9330.5,BTC-PERPETUAL,9330.16,buy,150.0
77436629,1589414425582,1,9330.5,BTC-PERPETUAL,9330.16,buy,10.0
77436630,1589414425582,1,9330.5,BTC-PERPETUAL,9330.16,buy,20.0
77436631,1589414425582,1,9330.5,BTC-PERPETUAL,9330.16,buy,40.0
77436632,1589414425582,1,9330.5,BTC-PERPETUAL,9330.16,buy,30.0
77436633,1589414425582,1,9330.5,BTC-PERPETUAL,9330.16,buy,50.0
77436634,1589414425582,1,9330.5,BTC-PERPETUAL,9330.16,buy,10.0
77436635,1589414425591,0,9331.0,BTC-PERPETUAL,9330.16,buy,10.0
77436636,1589414425591,1,9331.0,BTC-PERPETUAL,9330.16,buy,30.0
77436637,1589414425591,1,9331.0,BTC-PERPETUAL,9330.16,buy,20.0
77436638,1589414425591,1,9331.0,BTC-PERPETUAL,9330.16,buy,260.0
77436639,1589414425736,0,9331.5,BTC-PERPETUAL,9330.16,buy,100.0
77436640,1589414425736,1,9331.5,BTC-PERPETUAL,9330.16,buy,350.0
77436641,1589414425736,1,9331.5,BTC-PERPETUAL,9330.16,buy,500.0
77436642,1589414425736,1,9331.5,BTC-PERPETUAL,9330.16,buy,50.0
77436662,1589414425936,1,9331.5,BTC-PERPETUAL,9330.16,buy,200.0
77436663,1589414425936,1,9331.5,BTC-PERPETUAL,9330.16,buy,30.0
77436664,1589414425959,0,9332.0,BTC-PERPETUAL,9330.16,buy,50.0
77436665,1589414425959,1,9332.0,BTC-PERPETUAL,9330.16,buy,60.0
77436666,1589414425959,1,9332.0,BTC-PERPETUAL,9330.16,buy,40.0
77436667,1589414425959,1,9332.0,BTC-PERPETUAL,9330.16,buy,10.0
77436668,1589414425959,0,9332.5,BTC-PERPETUAL,9330.16,buy,30.0
77436669,1589414425959,1,9332.5,BTC-PERPETUAL,9330.16,buy,30.0
77436670,1589414425959,1,9332.5,BTC-PERPETUAL,9330.16,buy,170.0
77436684,1589414427458,1,9332.5,BTC-PERPETUAL,9331.51,buy,6630.0
77436685,1589414427458,1,9332.5,BTC-PERPETUAL,9331.51,buy,20.0
77436686,1589414427458,1,9332.5,BTC-PERPETUAL,9331.51,buy,30.0
77436687,1589414427458,0,9333.0,BTC-PERPETUAL,9331.51,buy,1000.0
77436688,1589414427458,1,9333.0,BTC-PERPETUAL,9331.51,buy,20.0
77436689,1589414427458,1,9333.0,BTC-PERPETUAL,9331.51,buy,50.0
77436690,1589414427458,1,9333.0,BTC-PERPETUAL,9331.51,buy,20.0
77436691,1589414427458,0,9334.0,BTC-PERPETUAL,9331.51,buy,10.0
77436692,1589414427458,1,9334.0,BTC-PERPETUAL,9331.51,buy,30.0
77436693,1589414427458,0,9334.5,BTC-PERPETUAL,9331.51,buy,40.0
77436694,1589414427458,1,9334.5,BTC-PERPETUAL,9331.51,buy,30.0
77436695,1589414427458,1,9334.5,BTC-PERPETUAL,9331.51,buy,150.0
77436699,1589414429903,1,9334.5,BTC-PERPETUAL,9333.19,buy,350.0
77436700,1589414429903,1,9334.5,BTC-PERPETUAL,9333.19,buy,300.0
77436701,1589414429903,1,9334.5,BTC-PERPETUAL,9333.19,buy,30.0
77436702,1589414429903,1,9334.5,BTC-PERPETUAL,9333.19,buy,40.0
77436703,1589414429903,1,9334.5,BTC-PERPETUAL,9333.19,buy,4280.0
77436706,1589414429914,1,9334.5,BTC-PERPETUAL,9333.19,buy,4160.0
77436707,1589414429927,1,9334.5,BTC-PERPETUAL,9333.19,buy,6260.0
77436708,1589414429928,1,9334.5,BTC-PERPETUAL,9333.19,buy,6560.0
77436709,1589414429929,1,9334.5,BTC-PERPETUAL,9333.19,buy,5850.0
77436710,1589414429931,1,9334.5,BTC-PERPETUAL,9333.19,buy,900.0
77436711,1589414429931,1,9334.5,BTC-PERPETUAL,9333.19,buy,1000.0
77436712,1589414429931,1,9334.5,BTC-PERPETUAL,9333.19,buy,3000.0
77436713,1589414429931,1,9334.5,BTC-PERPETUAL,9333.19,buy,500.0
77436714,1589414429931,1,9334.5,BTC-PERPETUAL,9333.19,buy,1160.0
77436715,1589414429932,1,9334.5,BTC-PERPETUAL,9333.19,buy,1340.0
77436716,1589414429932,1,9334.5,BTC-PERPETUAL,9333.19,buy,300.0
77436717,1589414430120,0,9335.0,BTC-PERPETUAL,9333.19,buy,100.0
77436718,1589414430120,1,9335.0,BTC-PERPETUAL,9333.19,buy,50.0
77436719,1589414430120,1,9335.0,BTC-PERPETUAL,9333.19,buy,50.0
77436720,1589414430120,0,9335.5,BTC-PERPETUAL,9333.19,buy,100.0
77436721,1589414430120,0,9336.0,BTC-PERPETUAL,9333.19,buy,1000.0
77436722,1589414430120,1,9336.0,BTC-PERPETUAL,9333.19,buy,30.0
77436723,1589414430120,1,9336.0,BTC-PERPETUAL,9333.19,buy,5870.0
77436724,1589414431400,2,9335.0,BTC-PERPETUAL,9333.52,buy,500.0
77436725,1589414431400,3,9335.0,BTC-PERPETUAL,9333.52,buy,30.0
77436726,1589414431400,3,9335.0,BTC-PERPETUAL,9333.52,buy,300.0
77436727,1589414431400,3,9335.0,BTC-PERPETUAL,9333.52,buy,3600.0
77436728,1589414431400,3,9335.0,BTC-PERPETUAL,9333.52,buy,15420.0
77436738,1589414440019,2,9334.5,BTC-PERPETUAL,9334.7,sell,100.0
77436739,1589414451769,3,9334.5,BTC-PERPETUAL,9334.89,sell,3230.0
77436740,1589414451769,3,9334.5,BTC-PERPETUAL,9334.89,sell,1040.0
77436741,1589414451769,3,9334.5,BTC-PERPETUAL,9334.89,sell,200.0
77436742,1589414451769,3,9334.5,BTC-PERPETUAL,9334.89,sell,1000.0
77436743,1589414451769,3,9334.5,BTC-PERPETUAL,9334.89,sell,4530.0
77436748,1589414457860,3,9334.5,BTC-PERPETUAL,9335.33,sell,140.0
77436749,1589414462889,3,9334.5,BTC-PERPETUAL,9335.24,sell,4730.0
77436750,1589414462889,3,9334.5,BTC-PERPETUAL,9335.24,sell,130.0
77436751,1589414463496,0,9335.0,BTC-PERPETUAL,9335.24,buy,40.0
77436752,1589414463496,1,9335.0,BTC-PERPETUAL,9335.24,buy,10.0
77436753,1589414463496,1,9335.0,BTC-PERPETUAL,9335.24,buy,20.0
77436754,1589414463496,1,9335.0,BTC-PERPETUAL,9335.24,buy,430.0
77436755,1589414465401,1,9335.0,BTC-PERPETUAL,9335.37,buy,160.0
77436756,1589414465401,1,9335.0,BTC-PERPETUAL,9335.37,buy,10.0
77436757,1589414465401,1,9335.0,BTC-PERPETUAL,9335.37,buy,200.0
77436758,1589414465401,1,9335.0,BTC-PERPETUAL,9335.37,buy,130.0
77436759,1589414466730,1,9335.0,BTC-PERPETUAL,9335.44,buy,170.0
77436760,1589414466730,1,9335.0,BTC-PERPETUAL,9335.44,buy,1000.0
77436761,1589414466730,1,9335.0,BTC-PERPETUAL,9335.44,buy,40.0
77436762,1589414466730,1,9335.0,BTC-PERPETUAL,9335.44,buy,8790.0
77436763,1589414469934,1,9335.0,BTC-PERPETUAL,9335.71,buy,40.0
77436764,1589414469934,1,9335.0,BTC-PERPETUAL,9335.71,buy,3600.0
77436765,1589414469939,0,9335.5,BTC-PERPETUAL,9335.71,buy,10.0
77436766,1589414469964,0,9336.0,BTC-PERPETUAL,9335.71,buy,55000.0
77436767,1589414469964,1,9336.0,BTC-PERPETUAL,9335.71,buy,250.0
77436772,1589414469966,0,9336.5,BTC-PERPETUAL,9335.71,buy,1800.0
77436773,1589414469966,1,9336.5,BTC-PERPETUAL,9335.71,buy,3000.0
77436774,1589414469970,0,9337.0,BTC-PERPETUAL,9335.71,buy,40.0
77436775,1589414469970,1,9337.0,BTC-PERPETUAL,9335.71,buy,30.0
77436776,1589414469970,1,9337.0,BTC-PERPETUAL,9335.71,buy,10.0
77436781,1589414470006,0,9337.5,BTC-PERPETUAL,9335.71,buy,40.0
77436782,1589414470006,1,9337.5,BTC-PERPETUAL,9335.71,buy,100.0
77436783,1589414470006,1,9337.5,BTC-PERPETUAL,9335.71,buy,10.0
77436784,1589414470006,1,9337.5,BTC-PERPETUAL,9335.71,buy,30.0
77436785,1589414470006,1,9337.5,BTC-PERPETUAL,9335.71,buy,300.0
77436786,1589414470029,0,9338.0,BTC-PERPETUAL,9335.71,buy,1170.0
77436787,1589414470029,1,9338.0,BTC-PERPETUAL,9335.71,buy,400.0
77436790,1589414470051,0,9338.5,BTC-PERPETUAL,9335.71,buy,200.0
77436791,1589414470051,1,9338.5,BTC-PERPETUAL,9335.71,buy,30.0
77436792,1589414470051,1,9338.5,BTC-PERPETUAL,9335.71,buy,31180.0
77436793,1589414470052,1,9338.5,BTC-PERPETUAL,9335.71,buy,100.0
77436794,1589414470052,1,9338.5,BTC-PERPETUAL,9335.71,buy,10.0
77436795,1589414470062,0,9339.0,BTC-PERPETUAL,9335.71,buy,200.0
77436796,1589414470062,1,9339.0,BTC-PERPETUAL,9335.71,buy,150.0
77436797,1589414470062,1,9339.0,BTC-PERPETUAL,9335.71,buy,29040.0
77436798,1589414470062,1,9339.0,BTC-PERPETUAL,9335.71,buy,6000.0
77436799,1589414470090,0,9339.5,BTC-PERPETUAL,9335.71,buy,30.0
77436800,1589414470090,1,9339.5,BTC-PERPETUAL,9335.71,buy,90.0
77436801,1589414470090,1,9339.5,BTC-PERPETUAL,9335.71,buy,2000.0
77436802,1589414470090,1,9339.5,BTC-PERPETUAL,9335.71,buy,190.0
77436803,1589414470090,1,9339.5,BTC-PERPETUAL,9335.71,buy,160.0
77436804,1589414470090,1,9339.5,BTC-PERPETUAL,9335.71,buy,500.0
77436805,1589414470090,1,9339.5,BTC-PERPETUAL,9335.71,buy,10.0
77436806,1589414470090,1,9339.5,BTC-PERPETUAL,9335.71,buy,10.0
77436807,1589414470090,0,9340.0,BTC-PERPETUAL,9335.71,buy,100.0
77436808,1589414470090,1,9340.0,BTC-PERPETUAL,9335.71,buy,10.0
77436809,1589414470090,1,9340.0,BTC-PERPETUAL,9335.71,buy,1000.0
77436810,1589414470090,1,9340.0,BTC-PERPETUAL,9335.71,buy,40.0
77436811,1589414470090,1,9340.0,BTC-PERPETUAL,9335.71,buy,20.0
77436812,1589414470090,1,9340.0,BTC-PERPETUAL,9335.71,buy,40.0
77436813,1589414470090,1,9340.0,BTC-PERPETUAL,9335.71,buy,10.0
77436814,1589414470090,1,9340.0,BTC-PERPETUAL,9335.71,buy,80.0
77436815,1589414470090,1,9340.0,BTC-PERPETUAL,9335.71,buy,1000.0
77436816,1589414470090,1,9340.0,BTC-PERPETUAL,9335.71,buy,10.0
77436817,1589414470090,1,9340.0,BTC-PERPETUAL,9335.71,buy,6700.0
77436819,1589414470120,1,9340.0,BTC-PERPETUAL,9335.71,buy,20.0
77436820,1589414470120,1,9340.0,BTC-PERPETUAL,9335.71,buy,10.0
77436835,1589414470233,0,9340.5,BTC-PERPETUAL,9335.71,buy,40.0
77436836,1589414470233,1,9340.5,BTC-PERPETUAL,9335.71,buy,9340.0
77436837,1589414470233,1,9340.5,BTC-PERPETUAL,9335.71,buy,6710.0
77436838,1589414470235,1,9340.5,BTC-PERPETUAL,9335.71,buy,2630.0
77436839,1589414470235,1,9340.5,BTC-PERPETUAL,9335.71,buy,9340.0
77436840,1589414470235,1,9340.5,BTC-PERPETUAL,9335.71,buy,6540.0
77436841,1589414470235,1,9340.5,BTC-PERPETUAL,9335.71,buy,9340.0
77436842,1589414470235,1,9340.5,BTC-PERPETUAL,9335.71,buy,10.0
77436843,1589414470235,1,9340.5,BTC-PERPETUAL,9335.71,buy,840.0
77436849,1589414470254,1,9340.5,BTC-PERPETUAL,9335.71,buy,500.0
77436850,1589414470254,0,9341.0,BTC-PERPETUAL,9335.71,buy,10.0
77436851,1589414470254,1,9341.0,BTC-PERPETUAL,9335.71,buy,2000.0
77436852,1589414470254,0,9341.5,BTC-PERPETUAL,9335.71,buy,10.0
77436853,1589414470254,1,9341.5,BTC-PERPETUAL,9335.71,buy,20.0
77436854,1589414470254,0,9342.0,BTC-PERPETUAL,9335.71,buy,100.0
77436855,1589414470254,1,9342.0,BTC-PERPETUAL,9335.71,buy,240.0
77436856,1589414470254,1,9342.0,BTC-PERPETUAL,9335.71,buy,43620.0
77436860,1589414470313,2,9340.5,BTC-PERPETUAL,9335.71,sell,2500.0
77436863,1589414470559,0,9341.0,BTC-PERPETUAL,9335.71,buy,1450.0
77436864,1589414470559,0,9342.0,BTC-PERPETUAL,9335.71,buy,2590.0
77436867,1589414470565,0,9342.5,BTC-PERPETUAL,9335.71,buy,530.0
77436870,1589414470625,2,9342.0,BTC-PERPETUAL,9335.71,buy,1000.0
77436871,1589414470660,3,9342.0,BTC-PERPETUAL,9335.71,buy,10.0
77436872,1589414470854,3,9342.0,BTC-PERPETUAL,9335.71,buy,230.0
77436873,1589414470857,3,9342.0,BTC-PERPETUAL,9335.71,buy,1890.0
77436874,1589414470857,3,9342.0,BTC-PERPETUAL,9335.71,buy,500.0
77436882,1589414470922,0,9342.5,BTC-PERPETUAL,9340.44,buy,470.0
77436883,1589414470922,1,9342.5,BTC-PERPETUAL,9340.44,buy,30.0
77436884,1589414470922,1,9342.5,BTC-PERPETUAL,9340.44,buy,1450.0
77436885,1589414470922,1,9342.5,BTC-PERPETUAL,9340.44,buy,30.0
77436886,1589414470922,1,9342.5,BTC-PERPETUAL,9340.44,buy,9320.0
77436887,1589414470948,0,9343.0,BTC-PERPETUAL,9340.44,buy,20.0
77436888,1589414470948,1,9343.0,BTC-PERPETUAL,9340.44,buy,1230.0
77436889,1589414471079,1,9343.0,BTC-PERPETUAL,9340.44,buy,10.0
77436897,1589414471270,1,9343.0,BTC-PERPETUAL,9340.44,buy,3990.0
77436898,1589414471272,1,9343.0,BTC-PERPETUAL,9340.44,buy,8750.0
77436899,1589414471273,1,9343.0,BTC-PERPETUAL,9340.44,buy,2650.0
77436900,1589414471294,1,9343.0,BTC-PERPETUAL,9340.44,buy,9180.0
77436901,1589414471646,1,9343.0,BTC-PERPETUAL,9340.44,buy,2250.0
77436902,1589414471646,1,9343.0,BTC-PERPETUAL,9340.44,buy,1860.0
77436903,1589414471649,1,9343.0,BTC-PERPETUAL,9340.44,buy,7480.0
77436904,1589414471649,1,9343.0,BTC-PERPETUAL,9340.44,buy,60.0
77436905,1589414471649,1,9343.0,BTC-PERPETUAL,9340.44,buy,4000.0
77436906,1589414471650,1,9343.0,BTC-PERPETUAL,9340.44,buy,3690.0
77436907,1589414471653,1,9343.0,BTC-PERPETUAL,9340.44,buy,220.0
77436908,1589414471653,1,9343.0,BTC-PERPETUAL,9340.44,buy,1860.0
77436909,1589414471654,1,9343.0,BTC-PERPETUAL,9340.44,buy,3280.0
77436910,1589414471659,0,9344.0,BTC-PERPETUAL,9340.44,buy,1000.0
77436911,1589414471659,1,9344.0,BTC-PERPETUAL,9340.44,buy,550.0
77436912,1589414471659,1,9344.0,BTC-PERPETUAL,9340.44,buy,10.0
77436913,1589414471659,0,9344.5,BTC-PERPETUAL,9340.44,buy,100.0
77436914,1589414471659,1,9344.5,BTC-PERPETUAL,9340.44,buy,40.0
77436915,1589414471659,1,9344.5,BTC-PERPETUAL,9340.44,buy,30.0
77436916,1589414471659,1,9344.5,BTC-PERPETUAL,9340.44,buy,200.0
77436923,1589414473637,1,9344.5,BTC-PERPETUAL,9341.52,sell,3600.0
77436924,1589414473637,1,9344.5,BTC-PERPETUAL,9341.52,sell,1800.0
77436925,1589414473637,1,9344.5,BTC-PERPETUAL,9341.52,sell,500.0
77436926,1589414473637,1,9344.5,BTC-PERPETUAL,9341.52,sell,500.0
77436927,1589414473637,1,9344.5,BTC-PERPETUAL,9341.52,sell,3000.0
77436928,1589414473711,2,9343.5,BTC-PERPETUAL,9341.52,sell,4400.0
77436929,1589414473711,3,9343.5,BTC-PERPETUAL,9341.52,sell,1800.0
77436930,1589414473711,3,9343.5,BTC-PERPETUAL,9341.52,sell,500.0
77436944,1589414473738,2,9342.5,BTC-PERPETUAL,9341.52,sell,9340.0
77436945,1589414473738,3,9342.5,BTC-PERPETUAL,9341.52,sell,5000.0
77436949,1589414473792,2,9341.5,BTC-PERPETUAL,9341.02,sell,10.0
77436950,1589414473792,3,9341.5,BTC-PERPETUAL,9341.02,sell,3000.0
77436958,1589414473875,2,9341.0,BTC-PERPETUAL,9341.02,sell,24750.0
77436959,1589414473959,3,9341.0,BTC-PERPETUAL,9341.02,sell,20250.0
77436960,1589414473961,2,9340.5,BTC-PERPETUAL,9341.02,sell,1000.0
77436965,1589414474095,2,9340.0,BTC-PERPETUAL,9341.02,sell,9550.0
77436966,1589414474314,3,9340.0,BTC-PERPETUAL,9341.02,sell,7660.0
77436967,1589414474318,3,9340.0,BTC-PERPETUAL,9341.02,sell,1710.0
77436968,1589414474319,3,9340.0,BTC-PERPETUAL,9341.02,sell,9100.0
77436969,1589414474319,3,9340.0,BTC-PERPETUAL,9341.02,sell,100.0
77436970,1589414474323,2,9339.5,BTC-PERPETUAL,9341.02,sell,200.0
77436971,1589414474323,3,9339.5,BTC-PERPETUAL,9341.02,sell,8250.0
77436974,1589414474342,3,9339.5,BTC-PERPETUAL,9341.02,sell,1750.0
77436981,1589414474374,2,9338.0,BTC-PERPETUAL,9341.02,sell,4660.0
77436984,1589414474539,2,9337.5,BTC-PERPETUAL,9341.02,buy,3600.0
77436985,1589414474539,3,9337.5,BTC-PERPETUAL,9341.02,buy,3600.0
77436986,1589414474544,3,9337.5,BTC-PERPETUAL,9341.02,buy,8220.0
77436987,1589414474548,3,9337.5,BTC-PERPETUAL,9341.02,buy,19790.0
77436988,1589414475042,0,9338.5,BTC-PERPETUAL,9339.07,sell,100.0
77436989,1589414475056,0,9339.0,BTC-PERPETUAL,9339.07,buy,250.0
77436990,1589414475056,0,9340.5,BTC-PERPETUAL,9339.07,buy,2750.0
77436991,1589414475075,2,9340.0,BTC-PERPETUAL,9339.07,sell,600.0
77436992,1589414475090,3,9340.0,BTC-PERPETUAL,9339.07,sell,80.0
77436993,1589414475100,3,9340.0,BTC-PERPETUAL,9339.07,sell,60.0
77436994,1589414475107,3,9340.0,BTC-PERPETUAL,9339.07,sell,70.0
77436995,1589414475123,3,9340.0,BTC-PERPETUAL,9339.07,sell,1170.0
77436996,1589414475143,3,9340.0,BTC-PERPETUAL,9339.07,sell,460.0
77436997,1589414475179,3,9340.0,BTC-PERPETUAL,9339.07,sell,980.0
77436998,1589414475181,3,9340.0,BTC-PERPETUAL,9339.07,sell,100.0
77437002,1589414475551,3,9340.0,BTC-PERPETUAL,9339.07,sell,80.0
77437003,1589414475551,3,9340.0,BTC-PERPETUAL,9339.07,sell,3600.0
77437004,1589414475551,3,9340.0,BTC-PERPETUAL,9339.07,sell,18570.0
77437005,1589414475551,3,9340.0,BTC-PERPETUAL,9339.07,sell,5700.0
77437006,1589414477680,3,9340.0,BTC-PERPETUAL,9340.16,sell,2240.0
77437007,1589414477693,0,9340.5,BTC-PERPETUAL,9340.16,buy,5810.0
77437008,1589414478271,1,9340.5,BTC-PERPETUAL,9340.24,buy,80.0
77437009,1589414478328,2,9340.0,BTC-PERPETUAL,9340.24,sell,2240.0
77437011,1589414478886,2,9339.0,BTC-PERPETUAL,9339.89,sell,90.0
77437012,1589414479118,3,9339.0,BTC-PERPETUAL,9339.89,sell,170.0
77437013,1589414479120,3,9339.0,BTC-PERPETUAL,9339.89,sell,10.0
77437014,1589414479229,3,9339.0,BTC-PERPETUAL,9339.89,sell,60.0
77437015,1589414479237,3,9339.0,BTC-PERPETUAL,9339.89,sell,1090.0
77437016,1589414479298,3,9339.0,BTC-PERPETUAL,9339.89,sell,90.0
77437017,1589414479387,3,9339.0,BTC-PERPETUAL,9339.89,sell,80.0
77437018,1589414479506,3,9339.0,BTC-PERPETUAL,9339.89,sell,2240.0
77437019,1589414479734,3,9339.0,BTC-PERPETUAL,9339.89,sell,660.0
77437020,1589414479745,3,9339.0,BTC-PERPETUAL,9339.89,sell,2350.0
77437021,1589414480017,3,9339.0,BTC-PERPETUAL,9339.93,sell,2240.0
77437022,1589414480173,2,9338.5,BTC-PERPETUAL,9339.93,sell,1300.0
77437023,1589414480301,3,9338.5,BTC-PERPETUAL,9339.93,sell,110.0
77437024,1589414480314,3,9338.5,BTC-PERPETUAL,9339.93,sell,110.0
77437025,1589414480458,3,9338.5,BTC-PERPETUAL,9339.93,sell,2240.0
77437026,1589414481018,0,9339.0,BTC-PERPETUAL,9339.77,buy,200.0
77437027,1589414481084,2,9338.5,BTC-PERPETUAL,9339.77,sell,510.0
77437028,1589414481143,0,9339.0,BTC-PERPETUAL,9339.77,buy,5000.0
77437029,1589414481213,1,9339.0,BTC-PERPETUAL,9339.77,buy,750.0
77437030,1589414481216,1,9339.0,BTC-PERPETUAL,9339.77,buy,1000.0
77437031,1589414481279,1,9339.0,BTC-PERPETUAL,9339.77,buy,1800.0
77437032,1589414481301,0,9339.5,BTC-PERPETUAL,9339.77,buy,40.0
77437033,1589414481301,1,9339.5,BTC-PERPETUAL,9339.77,buy,460.0
77437034,1589414481366,1,9339.5,BTC-PERPETUAL,9339.77,buy,4200.0
77437035,1589414481366,1,9339.5,BTC-PERPETUAL,9339.77,buy,9330.0
77437036,1589414481366,1,9339.5,BTC-PERPETUAL,9339.77,buy,10.0
77437037,1589414481366,1,9339.5,BTC-PERPETUAL,9339.77,buy,1800.0
77437038,1589414481368,1,9339.5,BTC-PERPETUAL,9339.77,buy,1450.0
77437039,1589414481368,1,9339.5,BTC-PERPETUAL,9339.77,buy,1800.0
77437040,1589414481561,0,9340.5,BTC-PERPETUAL,9339.77,buy,50.0
77437041,1589414481561,1,9340.5,BTC-PERPETUAL,9339.77,buy,1800.0
77437042,1589414481561,0,9341.0,BTC-PERPETUAL,9339.77,buy,2630.0
77437043,1589414481702,1,9341.0,BTC-PERPETUAL,9339.77,buy,1520.0
77437044,1589414482952,0,9341.5,BTC-PERPETUAL,9341.44,sell,180.0
77437045,1589414483401,0,9342.0,BTC-PERPETUAL,9341.44,buy,30.0
77437046,1589414483401,1,9342.0,BTC-PERPETUAL,9341.44,buy,5580.0
77437047,1589414487112,2,9341.5,BTC-PERPETUAL,9342.65,sell,200.0
77437051,1589414496402,3,9341.5,BTC-PERPETUAL,9342.7,sell,100.0
77437052,1589414496614,3,9341.5,BTC-PERPETUAL,9342.7,sell,20.0
77437053,1589414496616,3,9341.5,BTC-PERPETUAL,9342.7,sell,190.0
77437054,1589414499201,0,9342.0,BTC-PERPETUAL,9343.47,buy,10.0
77437055,1589414499201,1,9342.0,BTC-PERPETUAL,9343.47,buy,40.0
77437056,1589414499264,0,9342.5,BTC-PERPETUAL,9343.47,buy,1000.0
77437057,1589414499264,1,9342.5,BTC-PERPETUAL,9343.47,buy,10.0
77437063,1589414499640,0,9344.0,BTC-PERPETUAL,9343.47,buy,30.0
77437064,1589414499692,0,9345.0,BTC-PERPETUAL,9343.47,buy,100.0
77437065,1589414499692,1,9345.0,BTC-PERPETUAL,9343.47,buy,1000.0
77437066,1589414499692,1,9345.0,BTC-PERPETUAL,9343.47,buy,770.0
77437067,1589414499692,1,9345.0,BTC-PERPETUAL,9343.47,buy,40.0
77437068,1589414499692,1,9345.0,BTC-PERPETUAL,9343.47,buy,30.0
77437069,1589414499692,1,9345.0,BTC-PERPETUAL,9343.47,buy,10.0
77437070,1589414499911,0,9345.5,BTC-PERPETUAL,9343.47,buy,50.0
77437071,1589414499911,1,9345.5,BTC-PERPETUAL,9343.47,buy,10.0
77437072,1589414499911,1,9345.5,BTC-PERPETUAL,9343.47,buy,10.0
77437073,1589414499911,1,9345.5,BTC-PERPETUAL,9343.47,buy,10.0
77437074,1589414499911,1,9345.5,BTC-PERPETUAL,9343.47,buy,10.0
77437075,1589414499911,0,9346.0,BTC-PERPETUAL,9343.47,buy,50.0
77437076,1589414499911,1,9346.0,BTC-PERPETUAL,9343.47,buy,30.0
77437077,1589414499911,1,9346.0,BTC-PERPETUAL,9343.47,buy,10.0
77437078,1589414499911,0,9346.5,BTC-PERPETUAL,9343.47,buy,50.0
77437079,1589414499911,1,9346.5,BTC-PERPETUAL,9343.47,buy,150.0
77437080,1589414499911,1,9346.5,BTC-PERPETUAL,9343.47,buy,190.0
77437081,1589414499911,1,9346.5,BTC-PERPETUAL,9343.47,buy,1800.0
77437082,1589414499911,0,9347.5,BTC-PERPETUAL,9343.47,buy,380.0
77437086,1589414502082,2,9347.0,BTC-PERPETUAL,9344.82,sell,100.0
77437087,1589414502082,3,9347.0,BTC-PERPETUAL,9344.82,sell,1000.0
77437088,1589414503884,2,9346.0,BTC-PERPETUAL,9344.67,buy,3600.0
77437089,1589414503884,3,9346.0,BTC-PERPETUAL,9344.67,buy,3600.0
77437090,1589414503884,3,9346.0,BTC-PERPETUAL,9344.67,buy,1000.0
77437091,1589414503884,3,9346.0,BTC-PERPETUAL,9344.67,buy,1800.0
77437092,1589414508701,3,9346.0,BTC-PERPETUAL,9345.66,buy,10.0
77437093,1589414517103,2,9345.5,BTC-PERPETUAL,9346.49,sell,10.0
77437094,1589414517103,3,9345.5,BTC-PERPETUAL,9346.49,sell,490.0
77437095,1589414523781,0,9346.0,BTC-PERPETUAL,9347.09,buy,40.0
77437096,1589414523781,1,9346.0,BTC-PERPETUAL,9347.09,buy,10.0
77437097,1589414523781,1,9346.0,BTC-PERPETUAL,9347.09,buy,1800.0
77437098,1589414523781,1,9346.0,BTC-PERPETUAL,9347.09,buy,30.0
77437099,1589414523781,1,9346.0,BTC-PERPETUAL,9347.09,buy,1120.0
77437100,1589414527882,1,9346.0,BTC-PERPETUAL,9346.6,buy,5290.0
77437101,1589414528483,1,9346.0,BTC-PERPETUAL,9347.22,buy,250.0
77437102,1589414528483,1,9346.0,BTC-PERPETUAL,9347.22,buy,30.0
77437103,1589414528483,0,9347.0,BTC-PERPETUAL,9347.22,buy,4510.0
77437105,1589414528984,1,9347.0,BTC-PERPETUAL,9347.22,sell,5210.0
77437106,1589414528984,1,9347.0,BTC-PERPETUAL,9347.22,sell,2810.0
77437107,1589414528987,1,9347.0,BTC-PERPETUAL,9347.22,sell,790.0
77437108,1589414528987,1,9347.0,BTC-PERPETUAL,9347.22,sell,5020.0
77437109,1589414528987,1,9347.0,BTC-PERPETUAL,9347.22,sell,2000.0
77437110,1589414528987,1,9347.0,BTC-PERPETUAL,9347.22,sell,200.0
77437111,1589414528987,1,9347.0,BTC-PERPETUAL,9347.22,sell,10.0
77437112,1589414529004,1,9347.0,BTC-PERPETUAL,9347.22,sell,4990.0
77437113,1589414529004,1,9347.0,BTC-PERPETUAL,9347.22,sell,1800.0
77437114,1589414529004,1,9347.0,BTC-PERPETUAL,9347.22,sell,1000.0
77437115,1589414529004,1,9347.0,BTC-PERPETUAL,9347.22,sell,230.0
77437116,1589414529020,1,9347.0,BTC-PERPETUAL,9347.22,sell,500.0
77437117,1589414529020,1,9347.0,BTC-PERPETUAL,9347.22,sell,2250.0
77437118,1589414529024,1,9347.0,BTC-PERPETUAL,9347.22,sell,1350.0
77437119,1589414529024,1,9347.0,BTC-PERPETUAL,9347.22,sell,1400.0
77437120,1589414529026,1,9347.0,BTC-PERPETUAL,9347.22,sell,2200.0
77437121,1589414529029,2,9346.5,BTC-PERPETUAL,9347.22,sell,2750.0
77437122,1589414529029,2,9345.5,BTC-PERPETUAL,9347.22,sell,1000.0
77437123,1589414529029,3,9345.5,BTC-PERPETUAL,9347.22,sell,1500.0
77437124,1589414529029,3,9345.5,BTC-PERPETUAL,9347.22,sell,4660.0
77437127,1589414529227,3,9345.5,BTC-PERPETUAL,9348.18,sell,10.0
77437128,1589414529227,3,9345.5,BTC-PERPETUAL,9348.18,sell,1800.0
77437129,1589414529227,3,9345.5,BTC-PERPETUAL,9348.18,sell,1000.0
77437130,1589414529227,2,9345.0,BTC-PERPETUAL,9348.18,sell,120.0
77437131,1589414529227,3,9345.0,BTC-PERPETUAL,9348.18,sell,10.0
77437132,1589414529227,2,9344.5,BTC-PERPETUAL,9348.18,sell,1000.0
77437133,1589414529227,3,9344.5,BTC-PERPETUAL,9348.18,sell,10.0
77437134,1589414529227,3,9344.5,BTC-PERPETUAL,9348.18,sell,250.0
77437135,1589414529227,3,9344.5,BTC-PERPETUAL,9348.18,sell,29050.0
77437136,1589414529227,3,9344.5,BTC-PERPETUAL,9348.18,sell,6520.0
77437143,1589414529236,3,9344.5,BTC-PERPETUAL,9348.18,sell,2820.0
77437144,1589414529246,3,9344.5,BTC-PERPETUAL,9348.18,sell,1800.0
77437163,1589414531788,3,9344.5,BTC-PERPETUAL,9347.55,buy,2000.0
77437164,1589414531788,3,9344.5,BTC-PERPETUAL,9347.55,buy,3600.0
77437166,1589414533837,3,9344.5,BTC-PERPETUAL,9347.99,buy,10.0
77437167,1589414534324,3,9344.5,BTC-PERPETUAL,9348.38,buy,10.0
77437168,1589414535011,3,9344.5,BTC-PERPETUAL,9348.38,buy,10.0
77437169,1589414535436,3,9344.5,BTC-PERPETUAL,9348.36,buy,10.0
77437170,1589414535869,3,9344.5,BTC-PERPETUAL,9348.36,buy,10.0
77437171,1589414536384,3,9344.5,BTC-PERPETUAL,9348.52,buy,10.0
77437173,1589414540659,3,9344.5,BTC-PERPETUAL,9348.67,buy,1950.0
77437174,1589414540659,3,9344.5,BTC-PERPETUAL,9348.67,buy,10.0
77437175,1589414540659,0,9345.0,BTC-PERPETUAL,9348.67,buy,50.0
77437176,1589414540659,0,9345.5,BTC-PERPETUAL,9348.67,buy,250.0
77437177,1589414540659,0,9346.0,BTC-PERPETUAL,9348.67,buy,1000.0
77437178,1589414540659,1,9346.0,BTC-PERPETUAL,9348.67,buy,30.0
77437179,1589414540659,1,9346.0,BTC-PERPETUAL,9348.67,buy,10.0
77437180,1589414540659,0,9346.5,BTC-PERPETUAL,9348.67,buy,200.0
77437181,1589414540659,1,9346.5,BTC-PERPETUAL,9348.67,buy,15200.0
77437182,1589414545383,2,9346.0,BTC-PERPETUAL,9348.39,sell,10.0
77437184,1589414551645,0,9346.5,BTC-PERPETUAL,9347.95,buy,40.0
77437186,1589414558378,1,9346.5,BTC-PERPETUAL,9349.71,buy,40.0
77437187,1589414562486,1,9346.5,BTC-PERPETUAL,9349.39,buy,20.0
77437188,1589414562486,1,9346.5,BTC-PERPETUAL,9349.39,buy,30.0
77437189,1589414562486,1,9346.5,BTC-PERPETUAL,9349.39,buy,4950.0
77437192,1589414570323,1,9346.5,BTC-PERPETUAL,9351.02,buy,20050.0
77437193,1589414570323,1,9346.5,BTC-PERPETUAL,9351.02,buy,20.0
77437194,1589414570323,1,9346.5,BTC-PERPETUAL,9351.02,buy,200.0
77437200,1589414570327,1,9346.5,BTC-PERPETUAL,9351.02,buy,390.0
77437201,1589414570327,1,9346.5,BTC-PERPETUAL,9351.02,buy,980.0
77437202,1589414570327,1,9346.5,BTC-PERPETUAL,9351.02,buy,10.0
77437203,1589414570327,1,9346.5,BTC-PERPETUAL,9351.02,buy,20.0
77437204,1589414570327,0,9347.5,BTC-PERPETUAL,9351.02,buy,620.0
77437205,1589414570327,1,9347.5,BTC-PERPETUAL,9351.02,buy,360.0
77437206,1589414570327,1,9347.5,BTC-PERPETUAL,9351.02,buy,30.0
77437207,1589414570327,1,9347.5,BTC-PERPETUAL,9351.02,buy,280.0
77437214,1589414570441,0,9348.0,BTC-PERPETUAL,9351.1,buy,1000.0
77437215,1589414570441,1,9348.0,BTC-PERPETUAL,9351.1,buy,60.0
77437218,1589414570474,1,9348.0,BTC-PERPETUAL,9351.1,buy,3550.0
77437219,1589414570557,0,9348.5,BTC-PERPETUAL,9351.1,buy,50.0
77437220,1589414570557,1,9348.5,BTC-PERPETUAL,9351.1,buy,10.0
77437221,1589414570557,0,9349.0,BTC-PERPETUAL,9351.1,buy,190.0
77437222,1589414570557,0,9349.5,BTC-PERPETUAL,9351.1,buy,110.0
77437224,1589414571532,1,9349.5,BTC-PERPETUAL,9352.06,buy,10.0
77437225,1589414576221,1,9349.5,BTC-PERPETUAL,9352.77,buy,8640.0
77437226,1589414576221,1,9349.5,BTC-PERPETUAL,9352.77,buy,10.0
77437227,1589414576221,1,9349.5,BTC-PERPETUAL,9352.77,buy,90.0
77437228,1589414576221,1,9349.5,BTC-PERPETUAL,9352.77,buy,10.0
77437229,1589414576221,1,9349.5,BTC-PERPETUAL,9352.77,buy,10.0
77437230,1589414576221,1,9349.5,BTC-PERPETUAL,9352.77,buy,20.0
77437231,1589414576221,1,9349.5,BTC-PERPETUAL,9352.77,buy,30.0
77437232,1589414576221,1,9349.5,BTC-PERPETUAL,9352.77,buy,10.0
77437233,1589414576221,1,9349.5,BTC-PERPETUAL,9352.77,buy,10.0
77437234,1589414576221,0,9350.0,BTC-PERPETUAL,9352.77,buy,100.0
77437235,1589414576221,1,9350.0,BTC-PERPETUAL,9352.77,buy,40.0
77437236,1589414576221,1,9350.0,BTC-PERPETUAL,9352.77,buy,10.0
77437237,1589414576221,1,9350.0,BTC-PERPETUAL,9352.77,buy,10.0
77437238,1589414576221,1,9350.0,BTC-PERPETUAL,9352.77,buy,10.0
77437240,1589414586995,2,9349.5,BTC-PERPETUAL,9354.03,sell,1800.0
77437241,1589414586995,3,9349.5,BTC-PERPETUAL,9354.03,sell,4370.0
77437242,1589414588919,0,9350.0,BTC-PERPETUAL,9353.87,buy,70.0
77437244,1589414589561,1,9350.0,BTC-PERPETUAL,9354.21,buy,830.0
77437246,1589414591682,2,9349.5,BTC-PERPETUAL,9353.99,sell,200.0
77437247,1589414591682,3,9349.5,BTC-PERPETUAL,9353.99,sell,1000.0
77437248,1589414591682,3,9349.5,BTC-PERPETUAL,9353.99,sell,430.0
77437250,1589414607741,0,9350.0,BTC-PERPETUAL,9355.03,buy,100.0
77437251,1589414607741,1,9350.0,BTC-PERPETUAL,9355.03,buy,80.0
77437252,1589414607741,1,9350.0,BTC-PERPETUAL,9355.03,buy,10.0
77437253,1589414607741,1,9350.0,BTC-PERPETUAL,9355.03,buy,320.0
77437254,1589414607741,1,9350.0,BTC-PERPETUAL,9355.03,buy,20.0
77437255,1589414607741,1,9350.0,BTC-PERPETUAL,9355.03,buy,25000.0
77437256,1589414607741,1,9350.0,BTC-PERPETUAL,9355.03,buy,20.0
77437257,1589414607741,1,9350.0,BTC-PERPETUAL,9355.03,buy,10.0
77437258,1589414607741,1,9350.0,BTC-PERPETUAL,9355.03,buy,250.0
77437259,1589414607741,1,9350.0,BTC-PERPETUAL,9355.03,buy,430.0
77437262,1589414607968,0,9350.5,BTC-PERPETUAL,9355.03,buy,150.0
77437263,1589414608029,0,9351.0,BTC-PERPETUAL,9355.03,buy,30.0
77437266,1589414608111,0,9351.5,BTC-PERPETUAL,9355.03,buy,30.0
77437267,1589414608111,0,9352.0,BTC-PERPETUAL,9355.03,buy,330.0
77437268,1589414608183,1,9352.0,BTC-PERPETUAL,9355.03,buy,30.0
77437270,1589414614165,2,9351.5,BTC-PERPETUAL,9354.98,sell,280.0
77437271,1589414614165,3,9351.5,BTC-PERPETUAL,9354.98,sell,50.0
77437272,1589414614165,3,9351.5,BTC-PERPETUAL,9354.98,sell,100.0
77437273,1589414614165,2,9351.0,BTC-PERPETUAL,9354.98,sell,1000.0
77437274,1589414614165,2,9350.5,BTC-PERPETUAL,9354.98,sell,1000.0
77437275,1589414614165,3,9350.5,BTC-PERPETUAL,9354.98,sell,260.0
77437276,1589414619912,0,9351.0,BTC-PERPETUAL,9355.41,buy,20.0
77437277,1589414619912,1,9351.0,BTC-PERPETUAL,9355.41,buy,20.0
77437278,1589414619912,1,9351.0,BTC-PERPETUAL,9355.41,buy,10.0
77437279,1589414619912,1,9351.0,BTC-PERPETUAL,9355.41,buy,20.0
77437280,1589414619912,1,9351.0,BTC-PERPETUAL,9355.41,buy,430.0
77437281,1589414637532,0,9352.0,BTC-PERPETUAL,9356.55,buy,640.0
77437282,1589414637532,1,9352.0,BTC-PERPETUAL,9356.55,buy,10.0
77437283,1589414637532,1,9352.0,BTC-PERPETUAL,9356.55,buy,1000.0
77437284,1589414637532,1,9352.0,BTC-PERPETUAL,9356.55,buy,10.0
77437285,1589414637532,1,9352.0,BTC-PERPETUAL,9356.55,buy,20.0
77437286,1589414637532,1,9352.0,BTC-PERPETUAL,9356.55,buy,2060.0
77437288,1589414646840,1,9352.0,BTC-PERPETUAL,9356.82,buy,1000.0
77437289,1589414646840,1,9352.0,BTC-PERPETUAL,9356.82,buy,10.0
77437290,1589414646840,1,9352.0,BTC-PERPETUAL,9356.82,buy,20.0
77437291,1589414646840,1,9352.0,BTC-PERPETUAL,9356.82,buy,10.0
77437292,1589414646840,1,9352.0,BTC-PERPETUAL,9356.82,buy,280.0
77437293,1589414646898,0,9352.5,BTC-PERPETUAL,9356.82,buy,1000.0
77437294,1589414646898,1,9352.5,BTC-PERPETUAL,9356.82,buy,300.0
77437295,1589414646898,1,9352.5,BTC-PERPETUAL,9356.82,buy,1000.0
77437298,1589414647026,0,9353.0,BTC-PERPETUAL,9356.86,buy,40.0
77437299,1589414647026,1,9353.0,BTC-PERPETUAL,9356.86,buy,10.0
77437300,1589414647026,1,9353.0,BTC-PERPETUAL,9356.86,buy,30.0
77437301,1589414647026,1,9353.0,BTC-PERPETUAL,9356.86,buy,100.0
77437302,1589414647112,0,9353.5,BTC-PERPETUAL,9356.86,buy,10.0
77437303,1589414647112,1,9353.5,BTC-PERPETUAL,9356.86,buy,30.0
77437304,1589414647173,0,9354.0,BTC-PERPETUAL,9356.86,buy,10.0
77437305,1589414647173,1,9354.0,BTC-PERPETUAL,9356.86,buy,10.0
77437306,1589414647212,0,9354.5,BTC-PERPETUAL,9356.86,buy,380.0
77437307,1589414647212,1,9354.5,BTC-PERPETUAL,9356.86,buy,10.0
77437308,1589414647212,1,9354.5,BTC-PERPETUAL,9356.86,buy,10.0
77437309,1589414647214,1,9354.5,BTC-PERPETUAL,9356.86,sell,3960.0
77437310,1589414647214,1,9354.5,BTC-PERPETUAL,9356.86,sell,7100.0
77437311,1589414647218,1,9354.5,BTC-PERPETUAL,9356.86,sell,3600.0
77437312,1589414647218,1,9354.5,BTC-PERPETUAL,9356.86,sell,5500.0
77437313,1589414647218,1,9354.5,BTC-PERPETUAL,9356.86,sell,3600.0
77437314,1589414647218,1,9354.5,BTC-PERPETUAL,9356.86,sell,3600.0
77437315,1589414648963,2,9352.0,BTC-PERPETUAL,9356.77,sell,100.0
77437316,1589414655185,2,9351.5,BTC-PERPETUAL,9356.78,sell,3000.0
77437317,1589414655185,3,9351.5,BTC-PERPETUAL,9356.78,sell,280.0
77437318,1589414655185,3,9351.5,BTC-PERPETUAL,9356.78,sell,3520.0
77437319,1589414655188,3,9351.5,BTC-PERPETUAL,9356.78,sell,6800.0
77437320,1589414655213,3,9351.5,BTC-PERPETUAL,9356.78,sell,6800.0
77437321,1589414655216,3,9351.5,BTC-PERPETUAL,9356.78,sell,6800.0
77437322,1589414655218,3,9351.5,BTC-PERPETUAL,9356.78,sell,100.0
77437323,1589414655218,3,9351.5,BTC-PERPETUAL,9356.78,sell,100.0
77437327,1589414659464,2,9351.0,BTC-PERPETUAL,9356.42,sell,280.0
77437328,1589414659721,2,9350.5,BTC-PERPETUAL,9356.42,sell,10.0
77437329,1589414659721,3,9350.5,BTC-PERPETUAL,9356.42,sell,660.0
77437330,1589414659721,2,9350.0,BTC-PERPETUAL,9356.42,sell,250.0
77437331,1589414659721,3,9350.0,BTC-PERPETUAL,9356.42,sell,10.0
77437332,1589414659721,3,9350.0,BTC-PERPETUAL,9356.42,sell,10.0
77437333,1589414659721,3,9350.0,BTC-PERPETUAL,9356.42,sell,10.0
77437334,1589414659721,3,9350.0,BTC-PERPETUAL,9356.42,sell,10.0
77437335,1589414659721,2,9349.5,BTC-PERPETUAL,9356.42,sell,2540.0
77437336,1589414659727,3,9349.5,BTC-PERPETUAL,9356.42,sell,460.0
77437337,1589414659727,3,9349.5,BTC-PERPETUAL,9356.42,sell,200.0
77437338,1589414659727,3,9349.5,BTC-PERPETUAL,9356.42,sell,20.0
77437339,1589414659727,3,9349.5,BTC-PERPETUAL,9356.42,sell,1800.0
77437341,1589414659983,2,9349.0,BTC-PERPETUAL,9356.42,sell,3010.0
77437346,1589414659988,3,9349.0,BTC-PERPETUAL,9356.42,sell,6430.0
77437347,1589414659988,3,9349.0,BTC-PERPETUAL,9356.42,sell,20.0
77437348,1589414659988,3,9349.0,BTC-PERPETUAL,9356.42,sell,20.0
77437349,1589414659988,3,9349.0,BTC-PERPETUAL,9356.42,sell,10.0
77437350,1589414659988,3,9349.0,BTC-PERPETUAL,9356.42,sell,30.0
77437351,1589414659989,3,9349.0,BTC-PERPETUAL,9356.42,sell,4970.0
77437352,1589414659989,2,9348.5,BTC-PERPETUAL,9356.42,sell,30.0
77437353,1589414659989,3,9348.5,BTC-PERPETUAL,9356.42,sell,10.0
77437354,1589414659989,2,9348.0,BTC-PERPETUAL,9356.42,sell,1500.0
77437355,1589414659989,3,9348.0,BTC-PERPETUAL,9356.42,sell,10.0
77437356,1589414659989,3,9348.0,BTC-PERPETUAL,9356.42,sell,30.0
77437357,1589414659989,3,9348.0,BTC-PERPETUAL,9356.42,sell,4640.0
77437358,1589414659991,3,9348.0,BTC-PERPETUAL,9356.42,sell,4560.0
77437359,1589414659993,3,9348.0,BTC-PERPETUAL,9356.42,sell,6510.0
77437370,1589414660001,3,9348.0,BTC-PERPETUAL,9356.42,sell,2980.0
77437371,1589414660001,3,9348.0,BTC-PERPETUAL,9356.42,sell,200.0
77437372,1589414660001,3,9348.0,BTC-PERPETUAL,9356.42,sell,1800.0
77437390,1589414660105,2,9347.5,BTC-PERPETUAL,9356.08,sell,250.0
77437391,1589414660105,3,9347.5,BTC-PERPETUAL,9356.08,sell,200.0
77437392,1589414660105,3,9347.5,BTC-PERPETUAL,9356.08,sell,30.0
77437393,1589414660105,3,9347.5,BTC-PERPETUAL,9356.08,sell,40.0
77437394,1589414660105,3,9347.5,BTC-PERPETUAL,9356.08,sell,120.0
77437395,1589414660105,3,9347.5,BTC-PERPETUAL,9356.08,sell,25750.0
77437396,1589414660105,3,9347.5,BTC-PERPETUAL,9356.08,sell,10.0
77437397,1589414660105,3,9347.5,BTC-PERPETUAL,9356.08,sell,1800.0
77437401,1589414660209,2,9347.0,BTC-PERPETUAL,9356.08,sell,40.0
77437402,1589414660209,3,9347.0,BTC-PERPETUAL,9356.08,sell,120.0
77437403,1589414660209,3,9347.0,BTC-PERPETUAL,9356.08,sell,50.0
77437404,1589414660209,3,9347.0,BTC-PERPETUAL,9356.08,sell,1670.0
77437405,1589414660211,3,9347.0,BTC-PERPETUAL,9356.08,sell,3860.0
77437406,1589414660215,3,9347.0,BTC-PERPETUAL,9356.08,sell,2090.0
77437407,1589414660219,3,9347.0,BTC-PERPETUAL,9356.08,sell,5930.0
77437408,1589414660220,3,9347.0,BTC-PERPETUAL,9356.08,sell,2650.0
77437418,1589414660242,3,9347.0,BTC-PERPETUAL,9356.08,sell,12850.0
77437419,1589414660242,3,9347.0,BTC-PERPETUAL,9356.08,sell,100.0
77437420,1589414660242,2,9346.5,BTC-PERPETUAL,9356.08,sell,150.0
77437421,1589414660242,3,9346.5,BTC-PERPETUAL,9356.08,sell,30.0
77437422,1589414660242,3,9346.5,BTC-PERPETUAL,9356.08,sell,20.0
77437423,1589414660242,3,9346.5,BTC-PERPETUAL,9356.08,sell,180.0
77437424,1589414660242,2,9346.0,BTC-PERPETUAL,9356.08,sell,50.0
77437425,1589414660242,3,9346.0,BTC-PERPETUAL,9356.08,sell,30.0
77437426,1589414660242,3,9346.0,BTC-PERPETUAL,9356.08,sell,11250.0
77437427,1589414660293,2,9345.5,BTC-PERPETUAL,9356.08,sell,50.0
77437428,1589414660293,3,9345.5,BTC-PERPETUAL,9356.08,sell,10.0
77437429,1589414660293,3,9345.5,BTC-PERPETUAL,9356.08,sell,40.0
77437430,1589414660293,3,9345.5,BTC-PERPETUAL,9356.08,sell,840.0
77437431,1589414660297,3,9345.5,BTC-PERPETUAL,9356.08,sell,750.0
77437433,1589414660316,3,9345.5,BTC-PERPETUAL,9356.08,sell,530.0
77437442,1589414660466,3,9345.5,BTC-PERPETUAL,9356.08,sell,2550.0
77437443,1589414660466,3,9345.5,BTC-PERPETUAL,9356.08,sell,80.0
77437444,1589414660468,3,9345.5,BTC-PERPETUAL,9356.08,sell,420.0
77437445,1589414660468,3,9345.5,BTC-PERPETUAL,9356.08,sell,120.0
77437446,1589414660468,3,9345.5,BTC-PERPETUAL,9356.08,sell,5000.0
77437450,1589414660472,2,9345.0,BTC-PERPETUAL,9356.08,sell,100.0
77437451,1589414660472,3,9345.0,BTC-PERPETUAL,9356.08,sell,250.0
77437452,1589414660472,3,9345.0,BTC-PERPETUAL,9356.08,sell,20.0
77437453,1589414660472,3,9345.0,BTC-PERPETUAL,9356.08,sell,8900.0
77437455,1589414660552,3,9345.0,BTC-PERPETUAL,9356.08,sell,10.0
77437456,1589414660552,3,9345.0,BTC-PERPETUAL,9356.08,sell,240.0
77437461,1589414660633,2,9344.5,BTC-PERPETUAL,9356.08,sell,190.0
77437462,1589414660633,3,9344.5,BTC-PERPETUAL,9356.08,sell,10.0
77437464,1589414660636,2,9344.0,BTC-PERPETUAL,9356.08,sell,360.0
77437465,1589414660636,3,9344.0,BTC-PERPETUAL,9356.08,sell,470.0
77437466,1589414660636,3,9344.0,BTC-PERPETUAL,9356.08,sell,50.0
77437467,1589414660636,3,9344.0,BTC-PERPETUAL,9356.08,sell,30.0
77437481,1589414660694,2,9343.5,BTC-PERPETUAL,9356.08,sell,3770.0
77437482,1589414660695,3,9343.5,BTC-PERPETUAL,9356.08,sell,2310.0
77437488,1589414661367,3,9343.5,BTC-PERPETUAL,9351.55,sell,250.0
77437489,1589414661367,3,9343.5,BTC-PERPETUAL,9351.55,sell,20.0
77437490,1589414661367,3,9343.5,BTC-PERPETUAL,9351.55,sell,360.0
77437491,1589414661367,3,9343.5,BTC-PERPETUAL,9351.55,sell,2210.0
77437500,1589414661505,3,9343.5,BTC-PERPETUAL,9351.55,sell,1320.0
77437501,1589414661532,3,9343.5,BTC-PERPETUAL,9351.55,sell,2330.0
77437502,1589414661535,3,9343.5,BTC-PERPETUAL,9351.55,sell,6070.0
77437503,1589414661537,3,9343.5,BTC-PERPETUAL,9351.55,sell,3860.0
77437504,1589414661538,3,9343.5,BTC-PERPETUAL,9351.55,sell,3090.0
77437505,1589414661540,3,9343.5,BTC-PERPETUAL,9351.55,sell,7420.0
77437506,1589414661542,3,9343.5,BTC-PERPETUAL,9351.55,sell,2740.0
77437507,1589414661542,3,9343.5,BTC-PERPETUAL,9351.55,sell,30.0
77437508,1589414661542,3,9343.5,BTC-PERPETUAL,9351.55,sell,30.0
77437509,1589414661542,3,9343.5,BTC-PERPETUAL,9351.55,sell,50.0
77437510,1589414661555,3,9343.5,BTC-PERPETUAL,9351.55,sell,470.0
77437512,1589414661627,2,9342.5,BTC-PERPETUAL,9351.55,sell,1000.0
77437514,1589414662014,0,9343.0,BTC-PERPETUAL,9351.55,buy,2000.0
77437515,1589414662014,1,9343.0,BTC-PERPETUAL,9351.55,buy,3600.0
77437516,1589414662014,1,9343.0,BTC-PERPETUAL,9351.55,buy,4400.0
77437517,1589414662075,2,9342.5,BTC-PERPETUAL,9350.44,sell,250.0
77437518,1589414662075,3,9342.5,BTC-PERPETUAL,9350.44,sell,100.0
77437519,1589414662075,3,9342.5,BTC-PERPETUAL,9350.44,sell,1660.0
77437520,1589414662076,3,9342.5,BTC-PERPETUAL,9350.44,sell,340.0
77437525,1589414662286,2,9342.0,BTC-PERPETUAL,9350.44,sell,30.0
77437526,1589414662286,3,9342.0,BTC-PERPETUAL,9350.44,sell,40.0
77437527,1589414662286,3,9342.0,BTC-PERPETUAL,9350.44,sell,9340.0
77437528,1589414662286,3,9342.0,BTC-PERPETUAL,9350.44,sell,6540.0
77437529,1589414662286,3,9342.0,BTC-PERPETUAL,9350.44,sell,14010.0
77437530,1589414662286,3,9342.0,BTC-PERPETUAL,9350.44,sell,9340.0
77437531,1589414662286,3,9342.0,BTC-PERPETUAL,9350.44,sell,9340.0
77437532,1589414662286,3,9342.0,BTC-PERPETUAL,9350.44,sell,160.0
77437533,1589414662286,3,9342.0,BTC-PERPETUAL,9350.44,sell,50.0
77437536,1589414662311,2,9340.5,BTC-PERPETUAL,9350.44,sell,150.0
77437537,1589414662316,2,9340.0,BTC-PERPETUAL,9350.44,sell,100.0
77437538,1589414662316,3,9340.0,BTC-PERPETUAL,9350.44,sell,10.0
77437539,1589414662316,3,9340.0,BTC-PERPETUAL,9350.44,sell,1580.0
77437540,1589414662316,3,9340.0,BTC-PERPETUAL,9350.44,sell,250.0
77437541,1589414662327,2,9339.5,BTC-PERPETUAL,9350.44,sell,50.0
77437544,1589414663968,2,9339.0,BTC-PERPETUAL,9348.82,sell,200.0
77437551,1589414666111,0,9339.5,BTC-PERPETUAL,9345.52,buy,2000.0
77437552,1589414666111,1,9339.5,BTC-PERPETUAL,9345.52,buy,3600.0
77437553,1589414666111,1,9339.5,BTC-PERPETUAL,9345.52,buy,3600.0
77437554,1589414666111,1,9339.5,BTC-PERPETUAL,9345.52,buy,1180.0
77437555,1589414666111,1,9339.5,BTC-PERPETUAL,9345.52,buy,1800.0
77437556,1589414666111,1,9339.5,BTC-PERPETUAL,9345.52,buy,4660.0
77437557,1589414666111,1,9339.5,BTC-PERPETUAL,9345.52,buy,9330.0
77437558,1589414666111,1,9339.5,BTC-PERPETUAL,9345.52,buy,100.0
77437559,1589414666111,1,9339.5,BTC-PERPETUAL,9345.52,buy,3280.0
77437560,1589414666115,1,9339.5,BTC-PERPETUAL,9345.52,buy,3100.0
77437561,1589414666117,1,9339.5,BTC-PERPETUAL,9345.52,buy,4680.0
77437562,1589414666118,1,9339.5,BTC-PERPETUAL,9345.52,buy,2460.0
77437564,1589414666120,1,9339.5,BTC-PERPETUAL,9345.52,buy,2860.0
77437567,1589414666125,1,9339.5,BTC-PERPETUAL,9345.52,buy,5950.0
77437568,1589414666238,1,9339.5,BTC-PERPETUAL,9345.52,buy,1530.0
77437569,1589414666238,1,9339.5,BTC-PERPETUAL,9345.52,buy,250.0
77437570,1589414666238,1,9339.5,BTC-PERPETUAL,9345.52,buy,1170.0
77437571,1589414666238,1,9339.5,BTC-PERPETUAL,9345.52,buy,180.0
77437572,1589414666240,1,9339.5,BTC-PERPETUAL,9345.52,buy,1620.0
77437581,1589414689322,0,9341.0,BTC-PERPETUAL,9346.71,buy,1000.0
77437582,1589414689322,1,9341.0,BTC-PERPETUAL,9346.71,buy,10.0
77437583,1589414689322,0,9342.0,BTC-PERPETUAL,9346.71,buy,1800.0
77437584,1589414689322,0,9342.5,BTC-PERPETUAL,9346.71,buy,10.0
77437585,1589414689322,1,9342.5,BTC-PERPETUAL,9346.71,buy,10.0
77437586,1589414689322,0,9343.0,BTC-PERPETUAL,9346.71,buy,200.0
77437587,1589414689322,1,9343.0,BTC-PERPETUAL,9346.71,buy,20.0
77437588,1589414689322,1,9343.0,BTC-PERPETUAL,9346.71,buy,20.0
77437589,1589414689322,0,9344.0,BTC-PERPETUAL,9346.71,buy,120.0
77437590,1589414689322,1,9344.0,BTC-PERPETUAL,9346.71,buy,30.0
77437591,1589414689322,1,9344.0,BTC-PERPETUAL,9346.71,buy,30.0
77437592,1589414689322,1,9344.0,BTC-PERPETUAL,9346.71,buy,1750.0
77437593,1589414689367,2,9343.5,BTC-PERPETUAL,9346.71,sell,310.0
77437594,1589414699920,0,9344.0,BTC-PERPETUAL,9345.51,buy,1000.0
77437595,1589414712040,1,9344.0,BTC-PERPETUAL,9345.87,buy,500.0
77437599,1589414713202,1,9344.0,BTC-PERPETUAL,9345.91,buy,1800.0
77437600,1589414713202,1,9344.0,BTC-PERPETUAL,9345.91,buy,310.0
77437601,1589414713202,1,9344.0,BTC-PERPETUAL,9345.91,buy,110.0
77437602,1589414713202,1,9344.0,BTC-PERPETUAL,9345.91,buy,310.0
77437603,1589414713202,1,9344.0,BTC-PERPETUAL,9345.91,buy,310.0
77437604,1589414713202,1,9344.0,BTC-PERPETUAL,9345.91,buy,20.0
77437605,1589414713202,1,9344.0,BTC-PERPETUAL,9345.91,buy,20.0
77437608,1589414713229,0,9344.5,BTC-PERPETUAL,9345.91,buy,500.0
77437609,1589414713229,1,9344.5,BTC-PERPETUAL,9345.91,buy,1800.0
77437618,1589414713411,0,9345.0,BTC-PERPETUAL,9345.91,buy,100.0
77437619,1589414713411,1,9345.0,BTC-PERPETUAL,9345.91,buy,10.0
77437620,1589414713411,1,9345.0,BTC-PERPETUAL,9345.91,buy,10.0
77437621,1589414713411,0,9345.5,BTC-PERPETUAL,9345.91,buy,190.0
77437622,1589414713411,1,9345.5,BTC-PERPETUAL,9345.91,buy,50.0
77437625,1589414713476,1,9345.5,BTC-PERPETUAL,9346.89,buy,3940.0
77437626,1589414713513,1,9345.5,BTC-PERPETUAL,9346.89,buy,10.0
77437627,1589414713513,0,9346.0,BTC-PERPETUAL,9346.89,buy,10.0
77437628,1589414713513,0,9346.5,BTC-PERPETUAL,9346.89,buy,10.0
77437629,1589414713513,1,9346.5,BTC-PERPETUAL,9346.89,buy,10.0
77437630,1589414713513,0,9347.0,BTC-PERPETUAL,9346.89,buy,10.0
77437631,1589414713513,0,9347.5,BTC-PERPETUAL,9346.89,buy,150.0
77437632,1589414713513,1,9347.5,BTC-PERPETUAL,9346.89,buy,10.0
77437633,1589414713513,1,9347.5,BTC-PERPETUAL,9346.89,buy,10.0
77437634,1589414713513,1,9347.5,BTC-PERPETUAL,9346.89,buy,140.0
77437635,1589414713986,1,9347.5,BTC-PERPETUAL,9346.89,buy,1800.0
77437636,1589414713986,0,9348.0,BTC-PERPETUAL,9346.89,buy,10.0
77437637,1589414713986,1,9348.0,BTC-PERPETUAL,9346.89,buy,18690.0
77437638,1589414714002,0,9348.5,BTC-PERPETUAL,9346.89,buy,150.0
77437639,1589414714002,1,9348.5,BTC-PERPETUAL,9346.89,buy,300.0
77437640,1589414714002,1,9348.5,BTC-PERPETUAL,9346.89,buy,200.0
77437641,1589414714002,1,9348.5,BTC-PERPETUAL,9346.89,buy,18690.0
77437644,1589414714049,0,9349.0,BTC-PERPETUAL,9346.89,buy,300.0
77437645,1589414714049,0,9349.5,BTC-PERPETUAL,9346.89,buy,20.0
77437646,1589414714049,0,9350.0,BTC-PERPETUAL,9346.89,buy,40.0
77437647,1589414714058,2,9349.5,BTC-PERPETUAL,9346.89,sell,2000.0
77437649,1589414714065,3,9349.5,BTC-PERPETUAL,9346.89,sell,2000.0
77437650,1589414714069,3,9349.5,BTC-PERPETUAL,9346.89,sell,45000.0
77437661,1589414717589,0,9350.0,BTC-PERPETUAL,9351.47,buy,60.0
77437662,1589414717589,1,9350.0,BTC-PERPETUAL,9351.47,buy,10.0
77437663,1589414717589,1,9350.0,BTC-PERPETUAL,9351.47,buy,50.0
77437664,1589414717589,1,9350.0,BTC-PERPETUAL,9351.47,buy,20.0
77437665,1589414717589,1,9350.0,BTC-PERPETUAL,9351.47,buy,560.0
77437669,1589414717712,1,9350.0,BTC-PERPETUAL,9351.47,buy,340.0
77437670,1589414719669,2,9349.5,BTC-PERPETUAL,9352.08,sell,620.0
77437671,1589414719669,3,9349.5,BTC-PERPETUAL,9352.08,sell,620.0
77437672,1589414719669,3,9349.5,BTC-PERPETUAL,9352.08,sell,1450.0
77437673,1589414719669,3,9349.5,BTC-PERPETUAL,9352.08,sell,360.0
77437674,1589414719669,3,9349.5,BTC-PERPETUAL,9352.08,sell,3000.0
77437675,1589414719669,3,9349.5,BTC-PERPETUAL,9352.08,sell,1000.0
77437676,1589414719669,3,9349.5,BTC-PERPETUAL,9352.08,sell,800.0
77437677,1589414719669,3,9349.5,BTC-PERPETUAL,9352.08,sell,3600.0
77437678,1589414719669,3,9349.5,BTC-PERPETUAL,9352.08,sell,10.0
77437679,1589414719669,3,9349.5,BTC-PERPETUAL,9352.08,sell,1800.0
77437680,1589414719669,3,9349.5,BTC-PERPETUAL,9352.08,sell,1750.0
77437681,1589414719669,3,9349.5,BTC-PERPETUAL,9352.08,sell,1500.0
77437682,1589414719669,2,9349.0,BTC-PERPETUAL,9352.08,sell,790.0
77437683,1589414719669,3,9349.0,BTC-PERPETUAL,9352.08,sell,5000.0
77437684,1589414719669,2,9348.5,BTC-PERPETUAL,9352.08,sell,790.0
77437685,1589414719669,3,9348.5,BTC-PERPETUAL,9352.08,sell,100.0
77437686,1589414719669,2,9347.5,BTC-PERPETUAL,9352.08,sell,5000.0
77437687,1589414719669,2,9347.0,BTC-PERPETUAL,9352.08,sell,1000.0
77437688,1589414719669,3,9347.0,BTC-PERPETUAL,9352.08,sell,180.0
77437689,1589414719669,3,9347.0,BTC-PERPETUAL,9352.08,sell,4670.0
77437690,1589414719669,2,9346.5,BTC-PERPETUAL,9352.08,sell,1250.0
77437691,1589414719669,3,9346.5,BTC-PERPETUAL,9352.08,sell,10.0
77437692,1589414719669,3,9346.5,BTC-PERPETUAL,9352.08,sell,110.0
77437693,1589414719669,2,9346.0,BTC-PERPETUAL,9352.08,sell,26690.0
77437694,1589414719669,3,9346.0,BTC-PERPETUAL,9352.08,sell,9340.0
77437695,1589414719669,2,9345.5,BTC-PERPETUAL,9352.08,sell,1800.0
77437696,1589414719669,3,9345.5,BTC-PERPETUAL,9352.08,sell,10.0
77437697,1589414719669,3,9345.5,BTC-PERPETUAL,9352.08,sell,10.0
77437698,1589414719669,3,9345.5,BTC-PERPETUAL,9352.08,sell,2000.0
77437699,1589414719669,3,9345.5,BTC-PERPETUAL,9352.08,sell,250.0
77437700,1589414719669,3,9345.5,BTC-PERPETUAL,9352.08,sell,240.0
77437701,1589414719669,3,9345.5,BTC-PERPETUAL,9352.08,sell,3000.0
77437702,1589414719669,3,9345.5,BTC-PERPETUAL,9352.08,sell,1000.0
77437703,1589414719669,2,9345.0,BTC-PERPETUAL,9352.08,sell,1000.0
77437704,1589414719669,3,9345.0,BTC-PERPETUAL,9352.08,sell,60.0
77437705,1589414719669,3,9345.0,BTC-PERPETUAL,9352.08,sell,100.0
77437706,1589414719669,3,9345.0,BTC-PERPETUAL,9352.08,sell,40.0
77437707,1589414719669,3,9345.0,BTC-PERPETUAL,9352.08,sell,3000.0
77437708,1589414719669,3,9345.0,BTC-PERPETUAL,9352.08,sell,250.0
77437709,1589414719669,2,9344.5,BTC-PERPETUAL,9352.08,sell,1000.0
77437710,1589414719669,3,9344.5,BTC-PERPETUAL,9352.08,sell,41900.0
77437711,1589414719760,0,9345.0,BTC-PERPETUAL,9352.08,buy,620.0
77437712,1589414719760,1,9345.0,BTC-PERPETUAL,9352.08,buy,1100.0
77437713,1589414719760,1,9345.0,BTC-PERPETUAL,9352.08,buy,3600.0
77437714,1589414719760,1,9345.0,BTC-PERPETUAL,9352.08,buy,3600.0
77437715,1589414719784,0,9348.0,BTC-PERPETUAL,9352.08,buy,90.0
77437717,1589414722565,2,9347.5,BTC-PERPETUAL,9351.69,sell,290.0
77437726,1589414733642,3,9347.5,BTC-PERPETUAL,9351.14,sell,100.0
77437727,1589414733642,3,9347.5,BTC-PERPETUAL,9351.14,sell,80.0
77437728,1589414733642,3,9347.5,BTC-PERPETUAL,9351.14,sell,3600.0
77437729,1589414733642,3,9347.5,BTC-PERPETUAL,9351.14,sell,250.0
77437730,1589414733642,3,9347.5,BTC-PERPETUAL,9351.14,sell,400.0
77437731,1589414733642,2,9346.0,BTC-PERPETUAL,9351.14,sell,750.0
77437732,1589414733642,2,9345.5,BTC-PERPETUAL,9351.14,sell,1800.0
77437733,1589414733642,2,9345.0,BTC-PERPETUAL,9351.14,sell,360.0
77437734,1589414733642,3,9345.0,BTC-PERPETUAL,9351.14,sell,160.0
77437735,1589414733642,3,9345.0,BTC-PERPETUAL,9351.14,sell,250.0
77437736,1589414733642,2,9344.5,BTC-PERPETUAL,9351.14,sell,110.0
77437737,1589414733642,3,9344.5,BTC-PERPETUAL,9351.14,sell,10.0
77437738,1589414733642,3,9344.5,BTC-PERPETUAL,9351.14,sell,750.0
77437739,1589414733642,3,9344.5,BTC-PERPETUAL,9351.14,sell,10.0
77437740,1589414733642,2,9344.0,BTC-PERPETUAL,9351.14,sell,1000.0
77437741,1589414733642,3,9344.0,BTC-PERPETUAL,9351.14,sell,31350.0
77437750,1589414733653,3,9344.0,BTC-PERPETUAL,9351.14,sell,3440.0
77437751,1589414733653,3,9344.0,BTC-PERPETUAL,9351.14,sell,240.0
77437755,1589414733661,3,9344.0,BTC-PERPETUAL,9351.14,sell,4430.0
77437756,1589414733661,3,9344.0,BTC-PERPETUAL,9351.14,sell,10.0
77437757,1589414733661,3,9344.0,BTC-PERPETUAL,9351.14,sell,1800.0
77437758,1589414733666,2,9343.5,BTC-PERPETUAL,9351.14,sell,10.0
77437759,1589414733666,3,9343.5,BTC-PERPETUAL,9351.14,sell,190.0
77437760,1589414733671,3,9343.5,BTC-PERPETUAL,9351.14,sell,810.0
77437761,1589414733671,3,9343.5,BTC-PERPETUAL,9351.14,sell,120.0
77437762,1589414733671,3,9343.5,BTC-PERPETUAL,9351.14,sell,9070.0
77437764,1589414733721,3,9343.5,BTC-PERPETUAL,9351.14,sell,10.0
77437765,1589414733721,3,9343.5,BTC-PERPETUAL,9351.14,sell,990.0
77437767,1589414733826,3,9343.5,BTC-PERPETUAL,9351.14,sell,10.0
77437771,1589414733877,2,9342.5,BTC-PERPETUAL,9351.14,sell,250.0
77437776,1589414733903,3,9342.5,BTC-PERPETUAL,9351.14,sell,250.0
77437777,1589414733916,3,9342.5,BTC-PERPETUAL,9351.14,sell,780.0
77437783,1589414734113,3,9342.5,BTC-PERPETUAL,9351.14,sell,60.0
77437784,1589414734113,3,9342.5,BTC-PERPETUAL,9351.14,sell,150.0
77437785,1589414734113,3,9342.5,BTC-PERPETUAL,9351.14,sell,190.0
77437786,1589414734113,3,9342.5,BTC-PERPETUAL,9351.14,sell,360.0
77437787,1589414734160,3,9342.5,BTC-PERPETUAL,9351.14,sell,10.0
77437788,1589414734187,2,9342.0,BTC-PERPETUAL,9351.14,sell,10.0
77437789,1589414734231,2,9341.5,BTC-PERPETUAL,9351.14,sell,30.0
77437790,1589414734231,3,9341.5,BTC-PERPETUAL,9351.14,sell,30.0
77437791,1589414734231,3,9341.5,BTC-PERPETUAL,9351.14,sell,10.0
77437792,1589414734231,2,9341.0,BTC-PERPETUAL,9351.14,sell,20.0
77437793,1589414734231,3,9341.0,BTC-PERPETUAL,9351.14,sell,10.0
77437794,1589414734231,2,9340.5,BTC-PERPETUAL,9351.14,sell,100.0
77437795,1589414734231,3,9340.5,BTC-PERPETUAL,9351.14,sell,500.0
77437796,1589414734231,3,9340.5,BTC-PERPETUAL,9351.14,sell,250.0
77437797,1589414734231,3,9340.5,BTC-PERPETUAL,9351.14,sell,470.0
77437807,1589414734296,2,9340.0,BTC-PERPETUAL,9351.14,sell,120.0
77437808,1589414734327,3,9340.0,BTC-PERPETUAL,9351.14,sell,10.0
77437809,1589414734331,3,9340.0,BTC-PERPETUAL,9351.14,sell,120.0
77437810,1589414734331,3,9340.0,BTC-PERPETUAL,9351.14,sell,100.0
77437811,1589414734331,3,9340.0,BTC-PERPETUAL,9351.14,sell,10.0
77437812,1589414734331,3,9340.0,BTC-PERPETUAL,9351.14,sell,2500.0
77437813,1589414734331,3,9340.0,BTC-PERPETUAL,9351.14,sell,240.0
77437814,1589414734345,2,9339.5,BTC-PERPETUAL,9351.14,sell,120.0
77437815,1589414734345,3,9339.5,BTC-PERPETUAL,9351.14,sell,300.0
77437825,1589414734425,2,9339.0,BTC-PERPETUAL,9351.14,sell,180.0
77437826,1589414734425,3,9339.0,BTC-PERPETUAL,9351.14,sell,10.0
77437827,1589414734425,3,9339.0,BTC-PERPETUAL,9351.14,sell,1000.0
77437828,1589414734425,3,9339.0,BTC-PERPETUAL,9351.14,sell,10.0
77437829,1589414734425,3,9339.0,BTC-PERPETUAL,9351.14,sell,1700.0
77437830,1589414734447,3,9339.0,BTC-PERPETUAL,9351.14,sell,300.0
77437831,1589414734447,3,9339.0,BTC-PERPETUAL,9351.14,sell,10.0
77437832,1589414734447,2,9338.5,BTC-PERPETUAL,9351.14,sell,10.0
77437833,1589414734447,3,9338.5,BTC-PERPETUAL,9351.14,sell,150.0
77437834,1589414734447,3,9338.5,BTC-PERPETUAL,9351.14,sell,150.0
77437836,1589414734457,2,9338.0,BTC-PERPETUAL,9351.14,sell,100.0
77437837,1589414734457,3,9338.0,BTC-PERPETUAL,9351.14,sell,1800.0
77437838,1589414734457,3,9338.0,BTC-PERPETUAL,9351.14,sell,1450.0
77437839,1589414734457,2,9337.5,BTC-PERPETUAL,9351.14,sell,150.0
77437840,1589414734457,3,9337.5,BTC-PERPETUAL,9351.14,sell,100.0
77437842,1589414734606,3,9337.5,BTC-PERPETUAL,9351.14,sell,150.0
77437843,1589414734606,3,9337.5,BTC-PERPETUAL,9351.14,sell,30.0
77437847,1589414734799,2,9337.0,BTC-PERPETUAL,9345.98,sell,20.0
77437848,1589414734803,2,9336.5,BTC-PERPETUAL,9345.98,sell,190.0
77437849,1589414734803,3,9336.5,BTC-PERPETUAL,9345.98,sell,180.0
77437850,1589414734803,2,9336.0,BTC-PERPETUAL,9345.98,sell,180.0
77437854,1589414735107,2,9335.5,BTC-PERPETUAL,9345.98,sell,400.0
77437855,1589414735107,3,9335.5,BTC-PERPETUAL,9345.98,sell,80.0
77437856,1589414735107,3,9335.5,BTC-PERPETUAL,9345.98,sell,190.0
77437857,1589414735107,3,9335.5,BTC-PERPETUAL,9345.98,sell,940.0
77437858,1589414735208,0,9336.0,BTC-PERPETUAL,9345.98,buy,2000.0
77437859,1589414735208,1,9336.0,BTC-PERPETUAL,9345.98,buy,5000.0
77437860,1589414735208,1,9336.0,BTC-PERPETUAL,9345.98,buy,2000.0
77437861,1589414735208,1,9336.0,BTC-PERPETUAL,9345.98,buy,3000.0
77437862,1589414735208,1,9336.0,BTC-PERPETUAL,9345.98,buy,740.0
77437863,1589414735208,1,9336.0,BTC-PERPETUAL,9345.98,buy,760.0
77437864,1589414735208,1,9336.0,BTC-PERPETUAL,9345.98,buy,1000.0
77437865,1589414735208,1,9336.0,BTC-PERPETUAL,9345.98,buy,750.0
77437866,1589414735208,1,9336.0,BTC-PERPETUAL,9345.98,buy,1280.0
77437867,1589414735231,0,9337.0,BTC-PERPETUAL,9345.98,buy,2000.0
77437868,1589414735231,1,9337.0,BTC-PERPETUAL,9345.98,buy,250.0
77437869,1589414735512,1,9337.0,BTC-PERPETUAL,9345.98,sell,5400.0
77437871,1589414737087,1,9337.0,BTC-PERPETUAL,9345.27,sell,320.0
77437874,1589414737595,0,9337.5,BTC-PERPETUAL,9345.27,buy,320.0
77437875,1589414741093,2,9337.0,BTC-PERPETUAL,9341.57,sell,1680.0
77437876,1589414741093,3,9337.0,BTC-PERPETUAL,9341.57,sell,2000.0
77437877,1589414741093,3,9337.0,BTC-PERPETUAL,9341.57,sell,90.0
77437878,1589414741093,3,9337.0,BTC-PERPETUAL,9341.57,sell,1230.0
