trade_seq,trade_id,timestamp,tick_direction,price,instrument_name,index_price,direction,amount,liquidation
44397527,71588735,1586217604072,0,7341.5,BTC-PERPETUAL,7340.73,sell,10.0,
44397528,71588737,1586217604238,1,7341.5,BTC-PERPETUAL,7340.73,sell,300.0,
44397529,71588747,1586217609120,0,7342.0,BTC-PERPETUAL,7342.59,buy,480.0,
44397530,71588748,1586217609120,1,7342.0,BTC-PERPETUAL,7342.59,buy,10.0,
44397531,71588749,1586217609120,1,7342.0,BTC-PERPETUAL,7342.59,buy,10.0,
44397532,71588750,1586217609120,1,7342.0,BTC-PERPETUAL,7342.59,buy,150.0,
44397533,71588751,1586217609120,1,7342.0,BTC-PERPETUAL,7342.59,buy,1750.0,
44397534,71588760,1586217613252,0,7342.5,BTC-PERPETUAL,7342.6,sell,2400.0,
44397535,71588761,1586217613334,1,7342.5,BTC-PERPETUAL,7342.6,sell,5300.0,
44397536,71588762,1586217613334,1,7342.5,BTC-PERPETUAL,7342.6,sell,10.0,
44397537,71588764,1586217613902,2,7339.5,BTC-PERPETUAL,7341.93,buy,730.0,
44397538,71588766,1586217615899,3,7339.5,BTC-PERPETUAL,7340.72,buy,100.0,
44397539,71588767,1586217615899,3,7339.5,BTC-PERPETUAL,7340.72,buy,2000.0,
44397540,71588768,1586217615899,3,7339.5,BTC-PERPETUAL,7340.72,buy,7900.0,
44397541,71588769,1586217616644,3,7339.5,BTC-PERPETUAL,7340.72,buy,1000.0,
44397542,71588770,1586217616644,3,7339.5,BTC-PERPETUAL,7340.72,buy,5000.0,
44397543,71588771,1586217616644,3,7339.5,BTC-PERPETUAL,7340.72,buy,250.0,
44397544,71588772,1586217616644,3,7339.5,BTC-PERPETUAL,7340.72,buy,3000.0,
44397545,71588773,1586217616644,3,7339.5,BTC-PERPETUAL,7340.72,buy,100.0,
44397546,71588774,1586217616644,3,7339.5,BTC-PERPETUAL,7340.72,buy,10.0,
44397547,71588775,1586217616644,3,7339.5,BTC-PERPETUAL,7340.72,buy,640.0,
44397548,71588778,1586217618998,2,7339.0,BTC-PERPETUAL,7339.49,sell,7000.0,
44397549,71588779,1586217618998,3,7339.0,BTC-PERPETUAL,7339.49,sell,10.0,
44397550,71588780,1586217618998,3,7339.0,BTC-PERPETUAL,7339.49,sell,690.0,
44397551,71588781,1586217619000,3,7339.0,BTC-PERPETUAL,7339.49,sell,1310.0,
44397552,71588782,1586217619000,3,7339.0,BTC-PERPETUAL,7339.49,sell,640.0,
44397553,71588783,1586217619000,3,7339.0,BTC-PERPETUAL,7339.49,sell,30.0,
44397554,71588784,1586217619001,3,7339.0,BTC-PERPETUAL,7339.49,sell,1840.0,
44397555,71588785,1586217619004,3,7339.0,BTC-PERPETUAL,7339.49,sell,3870.0,
44397556,71588786,1586217621912,2,7337.0,BTC-PERPETUAL,7338.29,sell,550.0,
44397557,71588787,1586217621912,3,7337.0,BTC-PERPETUAL,7338.29,sell,450.0,
44397558,71588788,1586217621912,3,7337.0,BTC-PERPETUAL,7338.29,sell,10.0,
44397559,71588789,1586217621912,3,7337.0,BTC-PERPETUAL,7338.29,sell,10.0,
44397560,71588790,1586217621912,2,7336.5,BTC-PERPETUAL,7338.29,sell,600.0,
44397561,71588791,1586217621912,3,7336.5,BTC-PERPETUAL,7338.29,sell,3380.0,
44397562,71588792,1586217623542,3,7336.5,BTC-PERPETUAL,7337.72,buy,1800.0,
44397563,71588793,1586217623542,3,7336.5,BTC-PERPETUAL,7337.72,buy,1800.0,
44397564,71588794,1586217623542,3,7336.5,BTC-PERPETUAL,7337.72,buy,2320.0,
44397565,71588795,1586217623542,3,7336.5,BTC-PERPETUAL,7337.72,buy,3600.0,
44397566,71588796,1586217623542,3,7336.5,BTC-PERPETUAL,7337.72,buy,3600.0,
44397567,71588797,1586217623542,3,7336.5,BTC-PERPETUAL,7337.72,buy,360.0,
44397568,71588798,1586217623542,3,7336.5,BTC-PERPETUAL,7337.72,buy,1520.0,
44397569,71588800,1586217626246,2,7336.0,BTC-PERPETUAL,7336.1,sell,360.0,
44397570,71588801,1586217626246,3,7336.0,BTC-PERPETUAL,7336.1,sell,620.0,
44397571,71588802,1586217626246,3,7336.0,BTC-PERPETUAL,7336.1,sell,30.0,
44397572,71588803,1586217627002,3,7336.0,BTC-PERPETUAL,7335.97,sell,170.0,
44397573,71588804,1586217627002,3,7336.0,BTC-PERPETUAL,7335.97,sell,1680.0,
44397574,71588805,1586217627098,3,7336.0,BTC-PERPETUAL,7335.97,sell,10.0,
44397575,71588806,1586217627098,2,7335.0,BTC-PERPETUAL,7335.97,sell,550.0,
44397576,71588807,1586217627098,3,7335.0,BTC-PERPETUAL,7335.97,sell,450.0,
44397577,71588808,1586217627098,3,7335.0,BTC-PERPETUAL,7335.97,sell,20.0,
44397578,71588809,1586217627098,3,7335.0,BTC-PERPETUAL,7335.97,sell,100.0,
44397579,71588810,1586217627098,2,7333.0,BTC-PERPETUAL,7335.97,sell,360.0,
44397580,71588811,1586217629069,3,7333.0,BTC-PERPETUAL,7335.06,sell,190.0,
44397581,71588812,1586217629069,3,7333.0,BTC-PERPETUAL,7335.06,sell,450.0,
44397582,71588813,1586217629069,3,7333.0,BTC-PERPETUAL,7335.06,sell,120.0,
44397583,71588814,1586217629069,3,7333.0,BTC-PERPETUAL,7335.06,sell,10.0,
44397584,71588815,1586217629069,2,7332.0,BTC-PERPETUAL,7335.06,sell,20.0,
44397585,71588816,1586217629069,3,7332.0,BTC-PERPETUAL,7335.06,sell,480.0,
44397586,71588817,1586217629069,3,7332.0,BTC-PERPETUAL,7335.06,sell,60.0,
44397587,71588818,1586217629069,3,7332.0,BTC-PERPETUAL,7335.06,sell,300.0,
44397588,71588819,1586217629069,2,7331.5,BTC-PERPETUAL,7335.06,sell,130.0,
44397589,71588820,1586217629069,3,7331.5,BTC-PERPETUAL,7335.06,sell,10.0,
44397590,71588821,1586217629069,3,7331.5,BTC-PERPETUAL,7335.06,sell,210.0,
44397591,71588822,1586217629069,3,7331.5,BTC-PERPETUAL,7335.06,sell,10.0,
44397592,71588823,1586217629069,2,7331.0,BTC-PERPETUAL,7335.06,sell,20.0,
44397593,71588824,1586217629069,3,7331.0,BTC-PERPETUAL,7335.06,sell,450.0,
44397594,71588825,1586217629069,3,7331.0,BTC-PERPETUAL,7335.06,sell,550.0,
44397595,71588826,1586217629069,2,7330.0,BTC-PERPETUAL,7335.06,sell,10.0,
44397596,71588827,1586217629069,2,7329.5,BTC-PERPETUAL,7335.06,sell,10.0,
44397597,71588828,1586217629069,3,7329.5,BTC-PERPETUAL,7335.06,sell,210.0,
44397598,71588829,1586217629069,3,7329.5,BTC-PERPETUAL,7335.06,sell,10.0,
44397599,71588830,1586217629069,2,7329.0,BTC-PERPETUAL,7335.06,sell,210.0,
44397600,71588831,1586217629069,3,7329.0,BTC-PERPETUAL,7335.06,sell,10.0,
44397601,71588832,1586217629069,3,7329.0,BTC-PERPETUAL,7335.06,sell,450.0,
44397602,71588833,1586217629069,3,7329.0,BTC-PERPETUAL,7335.06,sell,550.0,
44397603,71588834,1586217629069,2,7328.5,BTC-PERPETUAL,7335.06,sell,140.0,
44397604,71588835,1586217629069,3,7328.5,BTC-PERPETUAL,7335.06,sell,20.0,
44397605,71588836,1586217629069,3,7328.5,BTC-PERPETUAL,7335.06,sell,960.0,
44397606,71588837,1586217629069,3,7328.5,BTC-PERPETUAL,7335.06,sell,50.0,
44397607,71588838,1586217629069,3,7328.5,BTC-PERPETUAL,7335.06,sell,3660.0,
44397608,71588839,1586217629069,2,7328.0,BTC-PERPETUAL,7335.06,sell,200.0,
44397609,71588840,1586217629069,3,7328.0,BTC-PERPETUAL,7335.06,sell,490.0,
44397610,71588841,1586217629069,3,7328.0,BTC-PERPETUAL,7335.06,sell,10.0,
44397611,71588847,1586217631844,3,7328.0,BTC-PERPETUAL,7331.71,sell,1000.0,
44397612,71588850,1586217631935,3,7328.0,BTC-PERPETUAL,7331.71,sell,7700.0,
44397613,71588851,1586217631935,3,7328.0,BTC-PERPETUAL,7331.71,sell,10.0,
44397614,71588852,1586217631935,3,7328.0,BTC-PERPETUAL,7331.71,sell,1000.0,
44397615,71588853,1586217631935,3,7328.0,BTC-PERPETUAL,7331.71,sell,1800.0,
44397616,71588854,1586217631935,3,7328.0,BTC-PERPETUAL,7331.71,sell,3600.0,
44397617,71588855,1586217631958,3,7328.0,BTC-PERPETUAL,7331.71,sell,2690.0,
44397618,71588857,1586217632032,3,7328.0,BTC-PERPETUAL,7331.71,sell,910.0,
44397619,71588858,1586217632068,2,7327.5,BTC-PERPETUAL,7331.71,sell,180.0,
44397620,71588859,1586217632068,2,7327.0,BTC-PERPETUAL,7331.71,sell,20.0,
44397621,71588860,1586217632068,3,7327.0,BTC-PERPETUAL,7331.71,sell,450.0,
44397622,71588861,1586217632068,3,7327.0,BTC-PERPETUAL,7331.71,sell,550.0,
44397623,71588862,1586217632068,2,7326.0,BTC-PERPETUAL,7331.71,sell,210.0,
44397624,71588863,1586217632068,3,7326.0,BTC-PERPETUAL,7331.71,sell,10.0,
44397625,71588864,1586217632068,3,7326.0,BTC-PERPETUAL,7331.71,sell,1000.0,
44397626,71588865,1586217632068,3,7326.0,BTC-PERPETUAL,7331.71,sell,60.0,
44397627,71588866,1586217632121,3,7326.0,BTC-PERPETUAL,7331.71,sell,40.0,
44397628,71588867,1586217632121,3,7326.0,BTC-PERPETUAL,7331.71,sell,130.0,
44397629,71588868,1586217632121,3,7326.0,BTC-PERPETUAL,7331.71,sell,10.0,
44397630,71588869,1586217632121,3,7326.0,BTC-PERPETUAL,7331.71,sell,10.0,
44397631,71588870,1586217632121,2,7325.5,BTC-PERPETUAL,7331.71,sell,10.0,
44397632,71588871,1586217632121,3,7325.5,BTC-PERPETUAL,7331.71,sell,70.0,
44397633,71588872,1586217632121,2,7325.0,BTC-PERPETUAL,7331.71,sell,130.0,
44397634,71588873,1586217632364,3,7325.0,BTC-PERPETUAL,7331.71,sell,670.0,
44397635,71588874,1586217632364,3,7325.0,BTC-PERPETUAL,7331.71,sell,100.0,
44397636,71588875,1586217632364,2,7324.5,BTC-PERPETUAL,7331.71,sell,22000.0,
44397637,71588876,1586217632364,3,7324.5,BTC-PERPETUAL,7331.71,sell,1000.0,
44397638,71588877,1586217632364,3,7324.5,BTC-PERPETUAL,7331.71,sell,1000.0,
44397639,71588878,1586217632364,3,7324.5,BTC-PERPETUAL,7331.71,sell,100.0,
44397640,71588879,1586217632364,3,7324.5,BTC-PERPETUAL,7331.71,sell,100.0,
44397641,71588880,1586217632364,3,7324.5,BTC-PERPETUAL,7331.71,sell,3000.0,
44397642,71588881,1586217632364,2,7324.0,BTC-PERPETUAL,7331.71,sell,2000.0,
44397643,71588882,1586217632364,2,7323.5,BTC-PERPETUAL,7331.71,sell,22000.0,
44397644,71588883,1586217632364,3,7323.5,BTC-PERPETUAL,7331.71,sell,22000.0,
44397645,71588884,1586217632364,2,7323.0,BTC-PERPETUAL,7331.71,sell,21990.0,
44397646,71588885,1586217632364,3,7323.0,BTC-PERPETUAL,7331.71,sell,20.0,
44397647,71588886,1586217632364,3,7323.0,BTC-PERPETUAL,7331.71,sell,210.0,
44397648,71588887,1586217632364,3,7323.0,BTC-PERPETUAL,7331.71,sell,10.0,
44397649,71588888,1586217632364,3,7323.0,BTC-PERPETUAL,7331.71,sell,210.0,
44397650,71588889,1586217632364,3,7323.0,BTC-PERPETUAL,7331.71,sell,10.0,
44397651,71588890,1586217632364,3,7323.0,BTC-PERPETUAL,7331.71,sell,1000.0,
44397652,71588891,1586217632364,3,7323.0,BTC-PERPETUAL,7331.71,sell,100.0,
44397653,71588892,1586217632364,2,7322.5,BTC-PERPETUAL,7331.71,sell,1000.0,
44397654,71588893,1586217632364,3,7322.5,BTC-PERPETUAL,7331.71,sell,100.0,
44397655,71588894,1586217632364,3,7322.5,BTC-PERPETUAL,7331.71,sell,3000.0,
44397656,71588895,1586217632364,2,7322.0,BTC-PERPETUAL,7331.71,sell,22000.0,
44397657,71588896,1586217632364,3,7322.0,BTC-PERPETUAL,7331.71,sell,20.0,
44397658,71588897,1586217632364,3,7322.0,BTC-PERPETUAL,7331.71,sell,210.0,
44397659,71588898,1586217632364,3,7322.0,BTC-PERPETUAL,7331.71,sell,210.0,
44397660,71588899,1586217632364,3,7322.0,BTC-PERPETUAL,7331.71,sell,10.0,
44397661,71588900,1586217632364,3,7322.0,BTC-PERPETUAL,7331.71,sell,10.0,
44397662,71588901,1586217632364,3,7322.0,BTC-PERPETUAL,7331.71,sell,80.0,
44397663,71588902,1586217632364,3,7322.0,BTC-PERPETUAL,7331.71,sell,630.0,
44397664,71588903,1586217632364,3,7322.0,BTC-PERPETUAL,7331.71,sell,2500.0,
44397665,71588904,1586217632364,2,7321.0,BTC-PERPETUAL,7331.71,sell,630.0,
44397666,71588905,1586217632364,3,7321.0,BTC-PERPETUAL,7331.71,sell,1830.0,
44397667,71588906,1586217632364,2,7320.5,BTC-PERPETUAL,7331.71,sell,1000.0,
44397668,71588907,1586217632364,3,7320.5,BTC-PERPETUAL,7331.71,sell,780.0,
44397669,71588908,1586217632364,3,7320.5,BTC-PERPETUAL,7331.71,sell,60.0,
44397670,71588909,1586217632364,3,7320.5,BTC-PERPETUAL,7331.71,sell,12410.0,
44397671,71588910,1586217632364,3,7320.5,BTC-PERPETUAL,7331.71,sell,36600.0,
44397672,71588911,1586217632364,2,7320.0,BTC-PERPETUAL,7331.71,sell,10.0,
44397673,71588912,1586217632364,3,7320.0,BTC-PERPETUAL,7331.71,sell,2670.0,
44397674,71588913,1586217632392,0,7320.5,BTC-PERPETUAL,7331.71,buy,2400.0,
44397675,71588914,1586217632510,2,7320.0,BTC-PERPETUAL,7331.71,sell,330.0,
44397676,71588915,1586217632510,3,7320.0,BTC-PERPETUAL,7331.71,sell,10.0,
44397677,71588916,1586217632510,3,7320.0,BTC-PERPETUAL,7331.71,sell,630.0,
44397678,71588917,1586217632510,3,7320.0,BTC-PERPETUAL,7331.71,sell,4280.0,
44397679,71588918,1586217632580,3,7320.0,BTC-PERPETUAL,7331.71,sell,2160.0,
44397680,71588919,1586217632735,0,7320.5,BTC-PERPETUAL,7331.71,buy,270.0,
44397681,71588921,1586217633884,2,7320.0,BTC-PERPETUAL,7327.57,sell,180.0,
44397682,71588922,1586217633884,3,7320.0,BTC-PERPETUAL,7327.57,sell,20.0,
44397683,71588923,1586217633884,3,7320.0,BTC-PERPETUAL,7327.57,sell,20.0,
44397684,71588924,1586217633884,3,7320.0,BTC-PERPETUAL,7327.57,sell,1000.0,
44397685,71588925,1586217633884,2,7319.5,BTC-PERPETUAL,7327.57,sell,30.0,
44397686,71588927,1586217635171,0,7320.0,BTC-PERPETUAL,7326.74,buy,1150.0,
44397687,71588930,1586217635858,2,7319.5,BTC-PERPETUAL,7323.34,sell,10.0,
44397688,71588933,1586217636858,3,7319.5,BTC-PERPETUAL,7318.78,sell,50.0,
44397689,71588934,1586217636858,3,7319.5,BTC-PERPETUAL,7318.78,sell,40.0,
44397690,71588940,1586217640095,3,7319.5,BTC-PERPETUAL,7319.23,sell,10.0,
44397691,71588941,1586217640095,3,7319.5,BTC-PERPETUAL,7319.23,sell,10.0,
44397692,71588942,1586217640095,3,7319.5,BTC-PERPETUAL,7319.23,sell,510.0,
44397693,71588943,1586217640095,3,7319.5,BTC-PERPETUAL,7319.23,sell,10.0,
44397694,71588944,1586217640095,3,7319.5,BTC-PERPETUAL,7319.23,sell,2670.0,
44397695,71588945,1586217640095,3,7319.5,BTC-PERPETUAL,7319.23,sell,2000.0,
44397696,71588946,1586217640095,3,7319.5,BTC-PERPETUAL,7319.23,sell,2110.0,
44397697,71588947,1586217645286,0,7320.0,BTC-PERPETUAL,7318.9,buy,360.0,
44397698,71588948,1586217645286,1,7320.0,BTC-PERPETUAL,7318.9,buy,20.0,
44397699,71588949,1586217645286,1,7320.0,BTC-PERPETUAL,7318.9,buy,260.0,
44397700,71588950,1586217645286,1,7320.0,BTC-PERPETUAL,7318.9,buy,50.0,
44397701,71588951,1586217645286,1,7320.0,BTC-PERPETUAL,7318.9,buy,20.0,
44397702,71588952,1586217645286,1,7320.0,BTC-PERPETUAL,7318.9,buy,20.0,
44397703,71588953,1586217645286,1,7320.0,BTC-PERPETUAL,7318.9,buy,10.0,
44397704,71588954,1586217645286,1,7320.0,BTC-PERPETUAL,7318.9,buy,1100.0,
44397705,71588955,1586217645289,1,7320.0,BTC-PERPETUAL,7318.9,buy,2460.0,
44397706,71588956,1586217645301,1,7320.0,BTC-PERPETUAL,7318.9,buy,4200.0,
44397707,71588957,1586217645305,1,7320.0,BTC-PERPETUAL,7318.9,buy,42240.0,
44397708,71588958,1586217645305,1,7320.0,BTC-PERPETUAL,7318.9,buy,1060.0,
44397709,71588959,1586217645307,1,7320.0,BTC-PERPETUAL,7318.9,buy,3940.0,
44397710,71588961,1586217652614,0,7322.5,BTC-PERPETUAL,7323.4,buy,50.0,
44397711,71588962,1586217652878,0,7323.5,BTC-PERPETUAL,7323.4,buy,1990.0,
44397712,71588963,1586217653590,2,7323.0,BTC-PERPETUAL,7323.21,sell,1000.0,
44397713,71588964,1586217653590,3,7323.0,BTC-PERPETUAL,7323.21,sell,1000.0,
44397714,71588965,1586217653590,3,7323.0,BTC-PERPETUAL,7323.21,sell,15710.0,
44397715,71588966,1586217653590,3,7323.0,BTC-PERPETUAL,7323.21,sell,10.0,
44397716,71588967,1586217653616,2,7322.5,BTC-PERPETUAL,7323.21,sell,7700.0,
44397717,71588968,1586217653616,3,7322.5,BTC-PERPETUAL,7323.21,sell,5000.0,
44397718,71588969,1586217653633,2,7322.0,BTC-PERPETUAL,7323.21,sell,180.0,
44397719,71588970,1586217653678,2,7321.5,BTC-PERPETUAL,7323.21,sell,180.0,
44397720,71588971,1586217653678,3,7321.5,BTC-PERPETUAL,7323.21,sell,180.0,
44397721,71588972,1586217656692,2,7320.5,BTC-PERPETUAL,7320.87,buy,210.0,
44397722,71588974,1586217660099,3,7320.5,BTC-PERPETUAL,7319.63,buy,1030.0,
44397723,71588975,1586217660766,2,7320.0,BTC-PERPETUAL,7319.63,sell,970.0,
44397724,71588976,1586217660766,3,7320.0,BTC-PERPETUAL,7319.63,sell,10.0,
44397725,71588977,1586217661500,3,7320.0,BTC-PERPETUAL,7319.78,buy,1680.0,
44397726,71588978,1586217661529,2,7319.5,BTC-PERPETUAL,7319.78,sell,20.0,
44397727,71588979,1586217661529,3,7319.5,BTC-PERPETUAL,7319.78,sell,530.0,
44397728,71588980,1586217661951,0,7320.0,BTC-PERPETUAL,7319.78,buy,340.0,
44397729,71588981,1586217662000,0,7320.5,BTC-PERPETUAL,7319.78,buy,20.0,
44397730,71588982,1586217662000,1,7320.5,BTC-PERPETUAL,7319.78,buy,10.0,
44397731,71588983,1586217662065,0,7321.0,BTC-PERPETUAL,7321.92,buy,10.0,
44397732,71588985,1586217667643,0,7324.0,BTC-PERPETUAL,7322.97,buy,20.0,
44397733,71588987,1586217668214,0,7325.0,BTC-PERPETUAL,7323.8,buy,110.0,
44397734,71588988,1586217668413,1,7325.0,BTC-PERPETUAL,7323.8,buy,390.0,
44397735,71588989,1586217668413,1,7325.0,BTC-PERPETUAL,7323.8,buy,20.0,
44397736,71588990,1586217670451,0,7327.0,BTC-PERPETUAL,7325.41,buy,210.0,
44397737,71588991,1586217670451,1,7327.0,BTC-PERPETUAL,7325.41,buy,50.0,
44397738,71588992,1586217670451,1,7327.0,BTC-PERPETUAL,7325.41,buy,150.0,
44397739,71588993,1586217670451,1,7327.0,BTC-PERPETUAL,7325.41,buy,10010.0,
44397740,71588994,1586217670460,0,7327.5,BTC-PERPETUAL,7325.41,buy,16270.0,
44397741,71588995,1586217670460,1,7327.5,BTC-PERPETUAL,7325.41,buy,140.0,
44397742,71588996,1586217670460,1,7327.5,BTC-PERPETUAL,7325.41,buy,5000.0,
44397743,71588997,1586217670499,0,7328.0,BTC-PERPETUAL,7325.41,buy,20.0,
44397744,71588998,1586217670499,1,7328.0,BTC-PERPETUAL,7325.41,buy,60.0,
44397745,71588999,1586217671175,0,7330.0,BTC-PERPETUAL,7326.38,buy,10.0,
44397746,71589000,1586217671175,1,7330.0,BTC-PERPETUAL,7326.38,buy,20.0,
44397747,71589001,1586217671175,1,7330.0,BTC-PERPETUAL,7326.38,buy,70.0,
44397748,71589002,1586217671175,1,7330.0,BTC-PERPETUAL,7326.38,buy,10.0,
44397749,71589003,1586217672546,0,7332.0,BTC-PERPETUAL,7327.32,buy,20.0,
44397750,71589004,1586217672546,1,7332.0,BTC-PERPETUAL,7327.32,buy,10.0,
44397751,71589005,1586217672546,1,7332.0,BTC-PERPETUAL,7327.32,buy,10.0,
44397752,71589006,1586217672546,1,7332.0,BTC-PERPETUAL,7327.32,buy,10.0,
44397753,71589007,1586217672546,1,7332.0,BTC-PERPETUAL,7327.32,buy,10.0,
44397754,71589008,1586217672546,1,7332.0,BTC-PERPETUAL,7327.32,buy,20.0,
44397755,71589009,1586217672546,1,7332.0,BTC-PERPETUAL,7327.32,buy,10.0,
44397756,71589010,1586217672546,1,7332.0,BTC-PERPETUAL,7327.32,buy,30.0,
44397757,71589013,1586217672804,0,7333.0,BTC-PERPETUAL,7327.32,buy,10.0,
44397758,71589014,1586217672804,1,7333.0,BTC-PERPETUAL,7327.32,buy,10.0,
44397759,71589015,1586217672804,1,7333.0,BTC-PERPETUAL,7327.32,buy,10.0,
44397760,71589016,1586217672804,1,7333.0,BTC-PERPETUAL,7327.32,buy,10.0,
44397761,71589017,1586217672804,1,7333.0,BTC-PERPETUAL,7327.32,buy,1000.0,
44397762,71589022,1586217684798,0,7333.5,BTC-PERPETUAL,7333.17,buy,10.0,
44397763,71589023,1586217684798,1,7333.5,BTC-PERPETUAL,7333.17,buy,130.0,
44397764,71589024,1586217684798,1,7333.5,BTC-PERPETUAL,7333.17,buy,130.0,
44397765,71589025,1586217684798,1,7333.5,BTC-PERPETUAL,7333.17,buy,20.0,
44397766,71589026,1586217684798,1,7333.5,BTC-PERPETUAL,7333.17,buy,20.0,
44397767,71589027,1586217684798,1,7333.5,BTC-PERPETUAL,7333.17,buy,10.0,
44397768,71589028,1586217690896,0,7335.0,BTC-PERPETUAL,7335.52,buy,20.0,
44397769,71589029,1586217690896,1,7335.0,BTC-PERPETUAL,7335.52,buy,20.0,
44397770,71589030,1586217690896,0,7335.5,BTC-PERPETUAL,7335.52,buy,60.0,
44397771,71589031,1586217690896,1,7335.5,BTC-PERPETUAL,7335.52,buy,60.0,
44397772,71589032,1586217690896,0,7336.0,BTC-PERPETUAL,7335.52,buy,10.0,
44397773,71589033,1586217690896,1,7336.0,BTC-PERPETUAL,7335.52,buy,10.0,
44397774,71589034,1586217690896,1,7336.0,BTC-PERPETUAL,7335.52,buy,10.0,
44397775,71589035,1586217690896,1,7336.0,BTC-PERPETUAL,7335.52,buy,10.0,
44397776,71589036,1586217691888,2,7335.5,BTC-PERPETUAL,7335.59,sell,600.0,
44397777,71589039,1586217706236,3,7335.5,BTC-PERPETUAL,7335.91,sell,1000.0,
44397778,71589040,1586217706236,3,7335.5,BTC-PERPETUAL,7335.91,sell,150.0,
44397779,71589041,1586217706236,3,7335.5,BTC-PERPETUAL,7335.91,sell,10.0,
44397780,71589044,1586217712006,3,7335.5,BTC-PERPETUAL,7335.17,sell,20.0,
44397781,71589045,1586217712006,3,7335.5,BTC-PERPETUAL,7335.17,sell,30.0,
44397782,71589046,1586217712006,3,7335.5,BTC-PERPETUAL,7335.17,sell,110.0,
44397783,71589047,1586217712006,3,7335.5,BTC-PERPETUAL,7335.17,sell,10.0,
44397784,71589048,1586217712669,2,7335.0,BTC-PERPETUAL,7335.54,sell,2400.0,
44397785,71589050,1586217713411,0,7335.5,BTC-PERPETUAL,7334.8,buy,4000.0,
44397786,71589051,1586217713411,1,7335.5,BTC-PERPETUAL,7334.8,buy,11000.0,
44397787,71589053,1586217719885,0,7336.0,BTC-PERPETUAL,7336.27,buy,90.0,
44397788,71589054,1586217719885,1,7336.0,BTC-PERPETUAL,7336.27,buy,510.0,
44397789,71589055,1586217719885,1,7336.0,BTC-PERPETUAL,7336.27,buy,10.0,
44397790,71589056,1586217719885,1,7336.0,BTC-PERPETUAL,7336.27,buy,1000.0,
44397791,71589057,1586217719885,1,7336.0,BTC-PERPETUAL,7336.27,buy,10.0,
44397792,71589058,1586217719885,1,7336.0,BTC-PERPETUAL,7336.27,buy,7190.0,
44397793,71589060,1586217721222,1,7336.0,BTC-PERPETUAL,7336.6,buy,1270.0,
44397794,71589063,1586217730514,1,7336.0,BTC-PERPETUAL,7336.68,buy,320.0,
44397795,71589064,1586217730514,1,7336.0,BTC-PERPETUAL,7336.68,buy,150.0,
44397796,71589065,1586217730514,1,7336.0,BTC-PERPETUAL,7336.68,buy,15030.0,
44397797,71589066,1586217730514,0,7336.5,BTC-PERPETUAL,7336.68,buy,10.0,
44397798,71589067,1586217730514,1,7336.5,BTC-PERPETUAL,7336.68,buy,10.0,
44397799,71589068,1586217730514,1,7336.5,BTC-PERPETUAL,7336.68,buy,36620.0,
44397800,71589069,1586217730514,0,7337.0,BTC-PERPETUAL,7336.68,buy,100.0,
44397801,71589070,1586217730514,1,7337.0,BTC-PERPETUAL,7336.68,buy,5000.0,
44397802,71589072,1586217731740,1,7337.0,BTC-PERPETUAL,7337.49,buy,1000.0,
44397803,71589073,1586217731913,0,7337.5,BTC-PERPETUAL,7337.49,buy,100.0,
44397804,71589074,1586217731913,1,7337.5,BTC-PERPETUAL,7337.49,buy,100.0,
44397805,71589075,1586217731913,1,7337.5,BTC-PERPETUAL,7337.49,buy,100.0,
44397806,71589076,1586217731913,1,7337.5,BTC-PERPETUAL,7337.49,buy,20.0,
44397807,71589077,1586217731913,0,7338.0,BTC-PERPETUAL,7337.49,buy,490.0,
44397808,71589078,1586217731913,1,7338.0,BTC-PERPETUAL,7337.49,buy,200.0,
44397809,71589079,1586217731913,1,7338.0,BTC-PERPETUAL,7337.49,buy,10.0,
44397810,71589080,1586217731913,1,7338.0,BTC-PERPETUAL,7337.49,buy,10.0,
44397811,71589081,1586217731913,1,7338.0,BTC-PERPETUAL,7337.49,buy,100.0,
44397812,71589082,1586217731913,1,7338.0,BTC-PERPETUAL,7337.49,buy,100.0,
44397813,71589083,1586217731913,1,7338.0,BTC-PERPETUAL,7337.49,buy,60.0,
44397814,71589084,1586217731913,0,7338.5,BTC-PERPETUAL,7337.49,buy,20.0,
44397815,71589085,1586217731913,1,7338.5,BTC-PERPETUAL,7337.49,buy,20.0,
44397816,71589086,1586217731913,1,7338.5,BTC-PERPETUAL,7337.49,buy,20.0,
44397817,71589087,1586217731913,0,7339.0,BTC-PERPETUAL,7337.49,buy,16290.0,
44397818,71589089,1586217731941,0,7339.5,BTC-PERPETUAL,7337.49,buy,10.0,
44397819,71589090,1586217731941,1,7339.5,BTC-PERPETUAL,7337.49,buy,10.0,
44397820,71589091,1586217731941,1,7339.5,BTC-PERPETUAL,7337.49,buy,100.0,
44397821,71589092,1586217731941,1,7339.5,BTC-PERPETUAL,7337.49,buy,100.0,
44397822,71589093,1586217731941,1,7339.5,BTC-PERPETUAL,7337.49,buy,100.0,
44397823,71589094,1586217731941,1,7339.5,BTC-PERPETUAL,7337.49,buy,100.0,
44397824,71589095,1586217731941,0,7340.0,BTC-PERPETUAL,7337.49,buy,10.0,
44397825,71589096,1586217731941,1,7340.0,BTC-PERPETUAL,7337.49,buy,10.0,
44397826,71589097,1586217731941,1,7340.0,BTC-PERPETUAL,7337.49,buy,800.0,
44397827,71589098,1586217731941,1,7340.0,BTC-PERPETUAL,7337.49,buy,20.0,
44397828,71589099,1586217731941,1,7340.0,BTC-PERPETUAL,7337.49,buy,290.0,
44397829,71589103,1586217732033,1,7340.0,BTC-PERPETUAL,7337.49,buy,3190.0,
44397830,71589104,1586217732053,1,7340.0,BTC-PERPETUAL,7337.49,buy,190.0,
44397831,71589105,1586217732053,0,7340.5,BTC-PERPETUAL,7337.49,buy,490.0,
44397832,71589106,1586217732053,0,7341.0,BTC-PERPETUAL,7337.49,buy,100.0,
44397833,71589107,1586217732053,1,7341.0,BTC-PERPETUAL,7337.49,buy,100.0,
44397834,71589108,1586217732053,1,7341.0,BTC-PERPETUAL,7337.49,buy,5510.0,
44397835,71589118,1586217732744,0,7341.5,BTC-PERPETUAL,7340.05,buy,10.0,
44397836,71589119,1586217735189,0,7342.0,BTC-PERPETUAL,7340.26,buy,60.0,
44397837,71589120,1586217735189,1,7342.0,BTC-PERPETUAL,7340.26,buy,20.0,
44397838,71589121,1586217735189,1,7342.0,BTC-PERPETUAL,7340.26,buy,10.0,
44397839,71589122,1586217735189,0,7343.0,BTC-PERPETUAL,7340.26,buy,60.0,
44397840,71589123,1586217735189,0,7343.5,BTC-PERPETUAL,7340.26,buy,620.0,
44397841,71589125,1586217739884,0,7344.0,BTC-PERPETUAL,7342.89,buy,200.0,
44397842,71589126,1586217739884,1,7344.0,BTC-PERPETUAL,7342.89,buy,210.0,
44397843,71589127,1586217739884,1,7344.0,BTC-PERPETUAL,7342.89,buy,10.0,
44397844,71589128,1586217740052,0,7344.5,BTC-PERPETUAL,7342.89,buy,20.0,
44397845,71589129,1586217740076,0,7345.0,BTC-PERPETUAL,7342.89,buy,110.0,
44397846,71589130,1586217740076,1,7345.0,BTC-PERPETUAL,7342.89,buy,20.0,
44397847,71589131,1586217740076,1,7345.0,BTC-PERPETUAL,7342.89,buy,20.0,
44397848,71589132,1586217740076,1,7345.0,BTC-PERPETUAL,7342.89,buy,20.0,
44397849,71589133,1586217740076,1,7345.0,BTC-PERPETUAL,7342.89,buy,20.0,
44397850,71589134,1586217740076,1,7345.0,BTC-PERPETUAL,7342.89,buy,20.0,
44397851,71589141,1586217743384,0,7348.0,BTC-PERPETUAL,7345.33,buy,40.0,
44397852,71589142,1586217743384,1,7348.0,BTC-PERPETUAL,7345.33,buy,40.0,
44397853,71589143,1586217743384,1,7348.0,BTC-PERPETUAL,7345.33,buy,200.0,
44397854,71589144,1586217743384,1,7348.0,BTC-PERPETUAL,7345.33,buy,10.0,
44397855,71589145,1586217743394,0,7349.0,BTC-PERPETUAL,7345.33,buy,20.0,
44397856,71589146,1586217743394,1,7349.0,BTC-PERPETUAL,7345.33,buy,20.0,
44397857,71589147,1586217743394,1,7349.0,BTC-PERPETUAL,7345.33,buy,20.0,
44397858,71589149,1586217743434,1,7349.0,BTC-PERPETUAL,7345.33,buy,20.0,
44397859,71589150,1586217743434,1,7349.0,BTC-PERPETUAL,7345.33,buy,40.0,
44397860,71589151,1586217747400,0,7350.0,BTC-PERPETUAL,7347.03,buy,50.0,
44397861,71589152,1586217747400,1,7350.0,BTC-PERPETUAL,7347.03,buy,630.0,
44397862,71589153,1586217747413,1,7350.0,BTC-PERPETUAL,7347.03,buy,1230.0,
44397863,71589154,1586217747413,1,7350.0,BTC-PERPETUAL,7347.03,buy,140.0,
44397864,71589155,1586217747413,1,7350.0,BTC-PERPETUAL,7347.03,buy,10.0,
44397865,71589156,1586217747413,1,7350.0,BTC-PERPETUAL,7347.03,buy,50.0,
44397866,71589157,1586217747413,1,7350.0,BTC-PERPETUAL,7347.03,buy,10.0,
44397867,71589158,1586217747413,0,7351.0,BTC-PERPETUAL,7347.03,buy,20.0,
44397868,71589159,1586217747413,0,7352.0,BTC-PERPETUAL,7347.03,buy,20.0,
44397869,71589160,1586217747413,1,7352.0,BTC-PERPETUAL,7347.03,buy,30.0,
44397870,71589161,1586217747413,1,7352.0,BTC-PERPETUAL,7347.03,buy,40.0,
44397871,71589162,1586217747413,1,7352.0,BTC-PERPETUAL,7347.03,buy,1000.0,
44397872,71589163,1586217747413,0,7352.5,BTC-PERPETUAL,7347.03,buy,60.0,
44397873,71589164,1586217747413,1,7352.5,BTC-PERPETUAL,7347.03,buy,480.0,
44397874,71589165,1586217747413,1,7352.5,BTC-PERPETUAL,7347.03,buy,1000.0,
44397875,71589166,1586217747413,0,7353.0,BTC-PERPETUAL,7347.03,buy,60.0,
44397876,71589167,1586217747413,1,7353.0,BTC-PERPETUAL,7347.03,buy,7700.0,
44397877,71589168,1586217747413,1,7353.0,BTC-PERPETUAL,7347.03,buy,10.0,
44397878,71589169,1586217747413,0,7353.5,BTC-PERPETUAL,7347.03,buy,10.0,
44397879,71589170,1586217747413,0,7354.0,BTC-PERPETUAL,7347.03,buy,4000.0,
44397880,71589172,1586217747827,0,7355.0,BTC-PERPETUAL,7348.05,buy,20.0,
44397881,71589173,1586217747827,1,7355.0,BTC-PERPETUAL,7348.05,buy,1600.0,
44397882,71589174,1586217747827,1,7355.0,BTC-PERPETUAL,7348.05,buy,20.0,
44397883,71589175,1586217747827,1,7355.0,BTC-PERPETUAL,7348.05,buy,480.0,
44397884,71589176,1586217747827,1,7355.0,BTC-PERPETUAL,7348.05,buy,250.0,
44397885,71589177,1586217747827,0,7355.5,BTC-PERPETUAL,7348.05,buy,40.0,
44397886,71589178,1586217747827,1,7355.5,BTC-PERPETUAL,7348.05,buy,2840.0,
44397887,71589179,1586217748660,1,7355.5,BTC-PERPETUAL,7348.43,sell,2400.0,
44397888,71589180,1586217748669,1,7355.5,BTC-PERPETUAL,7348.43,sell,1600.0,
44397889,71589181,1586217748689,2,7354.5,BTC-PERPETUAL,7348.43,sell,450.0,
44397890,71589182,1586217748745,2,7352.0,BTC-PERPETUAL,7348.43,sell,8230.0,
44397891,71589184,1586217748769,3,7352.0,BTC-PERPETUAL,7348.43,sell,10.0,
44397892,71589185,1586217748769,2,7351.5,BTC-PERPETUAL,7348.43,sell,3590.0,
44397893,71589189,1586217749793,2,7350.5,BTC-PERPETUAL,7347.5,sell,20.0,
44397894,71589190,1586217749793,3,7350.5,BTC-PERPETUAL,7347.5,sell,20.0,
44397895,71589191,1586217749793,3,7350.5,BTC-PERPETUAL,7347.5,sell,1740.0,
44397896,71589192,1586217751568,0,7351.0,BTC-PERPETUAL,7347.36,buy,5000.0,
44397897,71589193,1586217753087,1,7351.0,BTC-PERPETUAL,7348.44,buy,10.0,
44397898,71589194,1586217753087,1,7351.0,BTC-PERPETUAL,7348.44,buy,4210.0,
44397899,71589195,1586217753112,1,7351.0,BTC-PERPETUAL,7348.44,buy,2130.0,
44397900,71589196,1586217753144,1,7351.0,BTC-PERPETUAL,7348.44,buy,660.0,
44397901,71589204,1586217755082,0,7356.0,BTC-PERPETUAL,7351.75,buy,10.0,
44397902,71589205,1586217755082,1,7356.0,BTC-PERPETUAL,7351.75,buy,180.0,
44397903,71589206,1586217755082,1,7356.0,BTC-PERPETUAL,7351.75,buy,1000.0,
44397904,71589207,1586217755082,1,7356.0,BTC-PERPETUAL,7351.75,buy,13650.0,
44397905,71589208,1586217755082,1,7356.0,BTC-PERPETUAL,7351.75,buy,20.0,
44397906,71589209,1586217755082,1,7356.0,BTC-PERPETUAL,7351.75,buy,20.0,
44397907,71589210,1586217755082,1,7356.0,BTC-PERPETUAL,7351.75,buy,1450.0,
44397908,71589211,1586217758495,2,7355.5,BTC-PERPETUAL,7352.88,sell,20.0,
44397909,71589212,1586217758495,3,7355.5,BTC-PERPETUAL,7352.88,sell,20.0,
44397910,71589213,1586217758495,3,7355.5,BTC-PERPETUAL,7352.88,sell,30.0,
44397911,71589214,1586217759087,2,7354.5,BTC-PERPETUAL,7353.18,sell,120.0,
44397912,71589215,1586217759121,2,7353.5,BTC-PERPETUAL,7353.18,sell,10.0,
44397913,71589216,1586217762141,2,7351.0,BTC-PERPETUAL,7352.47,buy,10.0,
44397914,71589218,1586217763317,0,7353.0,BTC-PERPETUAL,7352.99,buy,40.0,
44397915,71589219,1586217765329,2,7352.5,BTC-PERPETUAL,7352.92,sell,500.0,
44397916,71589220,1586217765329,3,7352.5,BTC-PERPETUAL,7352.92,sell,200.0,
44397917,71589222,1586217765956,0,7353.0,BTC-PERPETUAL,7353.21,buy,10.0,
44397918,71589223,1586217769145,0,7356.0,BTC-PERPETUAL,7354.84,buy,2120.0,
44397919,71589224,1586217769147,1,7356.0,BTC-PERPETUAL,7354.84,buy,2320.0,
44397920,71589225,1586217769162,1,7356.0,BTC-PERPETUAL,7354.84,buy,2380.0,
44397921,71589226,1586217769170,1,7356.0,BTC-PERPETUAL,7354.84,buy,890.0,
44397922,71589227,1586217769170,1,7356.0,BTC-PERPETUAL,7354.84,buy,13790.0,
44397923,71589228,1586217769326,0,7357.0,BTC-PERPETUAL,7354.84,buy,130.0,
44397924,71589229,1586217769379,0,7357.5,BTC-PERPETUAL,7354.84,buy,30.0,
44397925,71589230,1586217769379,0,7358.0,BTC-PERPETUAL,7354.84,buy,200.0,
44397926,71589231,1586217769379,1,7358.0,BTC-PERPETUAL,7354.84,buy,180.0,
44397927,71589232,1586217769379,0,7359.0,BTC-PERPETUAL,7354.84,buy,30.0,
44397928,71589233,1586217769379,0,7359.5,BTC-PERPETUAL,7354.84,buy,560.0,
44397929,71589236,1586217769441,2,7358.5,BTC-PERPETUAL,7354.84,buy,180.0,
44397930,71589237,1586217769562,0,7359.5,BTC-PERPETUAL,7354.84,buy,2440.0,
44397931,71589238,1586217769562,1,7359.5,BTC-PERPETUAL,7354.84,buy,60.0,
44397932,71589241,1586217770383,1,7359.5,BTC-PERPETUAL,7357.26,sell,470.0,
44397933,71589242,1586217770383,1,7359.5,BTC-PERPETUAL,7357.26,sell,2000.0,
44397934,71589243,1586217770383,1,7359.5,BTC-PERPETUAL,7357.26,sell,1060.0,
44397935,71589244,1586217770383,1,7359.5,BTC-PERPETUAL,7357.26,sell,530.0,
44397936,71589245,1586217770383,1,7359.5,BTC-PERPETUAL,7357.26,sell,410.0,
44397937,71589246,1586217770383,1,7359.5,BTC-PERPETUAL,7357.26,sell,10.0,
44397938,71589247,1586217770383,1,7359.5,BTC-PERPETUAL,7357.26,sell,260.0,
44397939,71589248,1586217770383,1,7359.5,BTC-PERPETUAL,7357.26,sell,250.0,
44397940,71589254,1586217770845,2,7357.5,BTC-PERPETUAL,7356.26,sell,30.0,
44397941,71589255,1586217770845,3,7357.5,BTC-PERPETUAL,7356.26,sell,150.0,
44397942,71589256,1586217770845,2,7357.0,BTC-PERPETUAL,7356.26,sell,2000.0,
44397943,71589269,1586217776357,0,7357.5,BTC-PERPETUAL,7359.33,buy,150.0,
44397944,71589270,1586217776357,1,7357.5,BTC-PERPETUAL,7359.33,buy,10.0,
44397945,71589271,1586217776357,1,7357.5,BTC-PERPETUAL,7359.33,buy,10.0,
44397946,71589272,1586217776357,1,7357.5,BTC-PERPETUAL,7359.33,buy,4830.0,
44397947,71589278,1586217782042,0,7360.0,BTC-PERPETUAL,7359.52,buy,10.0,
44397948,71589279,1586217782042,1,7360.0,BTC-PERPETUAL,7359.52,buy,10.0,
44397949,71589280,1586217782042,1,7360.0,BTC-PERPETUAL,7359.52,buy,710.0,
44397950,71589281,1586217782318,1,7360.0,BTC-PERPETUAL,7359.52,buy,6650.0,
44397951,71589282,1586217782318,1,7360.0,BTC-PERPETUAL,7359.52,buy,10.0,
44397952,71589283,1586217782318,1,7360.0,BTC-PERPETUAL,7359.52,buy,10.0,
44397953,71589284,1586217782318,1,7360.0,BTC-PERPETUAL,7359.52,buy,20.0,
44397954,71589285,1586217782318,1,7360.0,BTC-PERPETUAL,7359.52,buy,20.0,
44397955,71589286,1586217782318,1,7360.0,BTC-PERPETUAL,7359.52,buy,150.0,
44397956,71589287,1586217782318,1,7360.0,BTC-PERPETUAL,7359.52,buy,10.0,
44397957,71589288,1586217782318,1,7360.0,BTC-PERPETUAL,7359.52,buy,510.0,
44397958,71589289,1586217786663,1,7360.0,BTC-PERPETUAL,7360.76,sell,1000.0,
44397959,71589291,1586217788116,1,7360.0,BTC-PERPETUAL,7360.51,sell,850.0,
44397960,71589294,1586217792787,1,7360.0,BTC-PERPETUAL,7360.58,sell,20.0,
44397961,71589295,1586217793461,1,7360.0,BTC-PERPETUAL,7360.63,sell,20.0,
44397962,71589296,1586217793935,1,7360.0,BTC-PERPETUAL,7360.63,sell,2400.0,
44397963,71589298,1586217794101,1,7360.0,BTC-PERPETUAL,7360.27,sell,7260.0,
44397964,71589299,1586217794101,1,7360.0,BTC-PERPETUAL,7360.27,sell,50.0,
44397965,71589300,1586217794101,1,7360.0,BTC-PERPETUAL,7360.27,sell,5000.0,
44397966,71589301,1586217794116,2,7359.5,BTC-PERPETUAL,7360.27,sell,20.0,
44397967,71589302,1586217794145,3,7359.5,BTC-PERPETUAL,7360.27,sell,450.0,
44397968,71589304,1586217794185,2,7359.0,BTC-PERPETUAL,7360.27,sell,90.0,
44397969,71589305,1586217794191,2,7358.5,BTC-PERPETUAL,7360.27,sell,10.0,
44397970,71589306,1586217794191,2,7357.5,BTC-PERPETUAL,7360.27,sell,10.0,
44397971,71589307,1586217794191,3,7357.5,BTC-PERPETUAL,7360.27,sell,1470.0,
44397972,71589308,1586217794376,2,7357.0,BTC-PERPETUAL,7360.27,sell,300.0,
44397973,71589309,1586217794721,2,7356.5,BTC-PERPETUAL,7360.27,sell,50.0,
44397974,71589310,1586217794721,3,7356.5,BTC-PERPETUAL,7360.27,sell,4950.0,
44397975,71589311,1586217794749,3,7356.5,BTC-PERPETUAL,7360.27,sell,740.0,
44397976,71589312,1586217794752,3,7356.5,BTC-PERPETUAL,7360.27,sell,20.0,
44397977,71589313,1586217794763,3,7356.5,BTC-PERPETUAL,7360.27,sell,2000.0,
44397978,71589314,1586217794786,2,7356.0,BTC-PERPETUAL,7360.27,sell,880.0,
44397979,71589315,1586217794980,3,7356.0,BTC-PERPETUAL,7358.07,sell,1810.0,
44397980,71589316,1586217796404,2,7355.0,BTC-PERPETUAL,7356.19,sell,20.0,
44397981,71589317,1586217796404,3,7355.0,BTC-PERPETUAL,7356.19,sell,980.0,
44397982,71589318,1586217796453,3,7355.0,BTC-PERPETUAL,7356.19,sell,3740.0,
44397983,71589319,1586217796490,3,7355.0,BTC-PERPETUAL,7356.19,sell,3740.0,
44397984,71589320,1586217796511,3,7355.0,BTC-PERPETUAL,7356.19,sell,3110.0,
44397985,71589321,1586217796511,3,7355.0,BTC-PERPETUAL,7356.19,sell,50.0,
44397986,71589322,1586217796617,2,7354.5,BTC-PERPETUAL,7356.19,sell,3680.0,
44397987,71589323,1586217796617,3,7354.5,BTC-PERPETUAL,7356.19,sell,60.0,
44397988,71589324,1586217798254,2,7352.0,BTC-PERPETUAL,7354.2,sell,4000.0,
44397989,71589325,1586217798254,3,7352.0,BTC-PERPETUAL,7354.2,sell,1000.0,
44397990,71589327,1586217805061,3,7352.0,BTC-PERPETUAL,7354.03,sell,30.0,
44397991,71589328,1586217805061,3,7352.0,BTC-PERPETUAL,7354.03,sell,100.0,
44397992,71589329,1586217805061,3,7352.0,BTC-PERPETUAL,7354.03,sell,15590.0,
44397993,71589330,1586217805061,3,7352.0,BTC-PERPETUAL,7354.03,sell,250.0,
44397994,71589331,1586217805061,3,7352.0,BTC-PERPETUAL,7354.03,sell,2000.0,
44397995,71589332,1586217805061,3,7352.0,BTC-PERPETUAL,7354.03,sell,5000.0,
44397996,71589333,1586217805061,3,7352.0,BTC-PERPETUAL,7354.03,sell,45000.0,
44397997,71589334,1586217805061,3,7352.0,BTC-PERPETUAL,7354.03,sell,5340.0,
44397998,71589335,1586217805061,3,7352.0,BTC-PERPETUAL,7354.03,sell,26690.0,
44397999,71589337,1586217807780,3,7352.0,BTC-PERPETUAL,7353.53,sell,10.0,
44398000,71589338,1586217807780,3,7352.0,BTC-PERPETUAL,7353.53,sell,5000.0,
44398001,71589339,1586217807780,2,7351.5,BTC-PERPETUAL,7353.53,sell,1000.0,
44398002,71589340,1586217807780,2,7350.5,BTC-PERPETUAL,7353.53,sell,960.0,
44398003,71589341,1586217807780,3,7350.5,BTC-PERPETUAL,7353.53,sell,7710.0,
44398004,71589342,1586217807780,3,7350.5,BTC-PERPETUAL,7353.53,sell,10.0,
44398005,71589343,1586217807780,3,7350.5,BTC-PERPETUAL,7353.53,sell,2610.0,
44398006,71589344,1586217807780,2,7350.0,BTC-PERPETUAL,7353.53,sell,10.0,
44398007,71589345,1586217807780,3,7350.0,BTC-PERPETUAL,7353.53,sell,10.0,
44398008,71589346,1586217807780,3,7350.0,BTC-PERPETUAL,7353.53,sell,200.0,
44398009,71589347,1586217807780,3,7350.0,BTC-PERPETUAL,7353.53,sell,870.0,
44398010,71589348,1586217809470,0,7350.5,BTC-PERPETUAL,7353.14,buy,1000.0,
44398011,71589349,1586217809470,1,7350.5,BTC-PERPETUAL,7353.14,buy,2680.0,
44398012,71589350,1586217811503,1,7350.5,BTC-PERPETUAL,7353.17,buy,1320.0,
44398013,71589351,1586217811503,1,7350.5,BTC-PERPETUAL,7353.17,buy,20.0,
44398014,71589352,1586217812175,0,7352.5,BTC-PERPETUAL,7354.23,buy,10.0,
44398015,71589356,1586217819004,0,7355.0,BTC-PERPETUAL,7356.24,buy,60.0,
44398016,71589357,1586217819004,1,7355.0,BTC-PERPETUAL,7356.24,buy,10.0,
44398017,71589358,1586217820264,0,7356.5,BTC-PERPETUAL,7356.85,buy,20.0,
44398018,71589359,1586217820264,1,7356.5,BTC-PERPETUAL,7356.85,buy,2310.0,
44398019,71589361,1586217820474,0,7357.0,BTC-PERPETUAL,7356.85,sell,10.0,
44398020,71589362,1586217820474,1,7357.0,BTC-PERPETUAL,7356.85,sell,90.0,
44398021,71589363,1586217820759,0,7357.5,BTC-PERPETUAL,7356.85,buy,10.0,
44398022,71589364,1586217821830,0,7359.0,BTC-PERPETUAL,7357.68,sell,1800.0,
44398023,71589365,1586217821830,1,7359.0,BTC-PERPETUAL,7357.68,sell,3600.0,
44398024,71589366,1586217821830,1,7359.0,BTC-PERPETUAL,7357.68,sell,1500.0,
44398025,71589367,1586217821833,1,7359.0,BTC-PERPETUAL,7357.68,sell,300.0,
44398026,71589368,1586217821833,1,7359.0,BTC-PERPETUAL,7357.68,sell,10.0,
44398027,71589369,1586217821923,2,7358.5,BTC-PERPETUAL,7357.68,sell,45000.0,
44398028,71589370,1586217821923,3,7358.5,BTC-PERPETUAL,7357.68,sell,5000.0,
44398029,71589373,1586217837625,2,7355.5,BTC-PERPETUAL,7357.87,buy,1800.0,
44398030,71589374,1586217837625,3,7355.5,BTC-PERPETUAL,7357.87,buy,3600.0,
44398031,71589375,1586217837625,3,7355.5,BTC-PERPETUAL,7357.87,buy,1800.0,
44398032,71589376,1586217837625,3,7355.5,BTC-PERPETUAL,7357.87,buy,10.0,
44398033,71589377,1586217837625,3,7355.5,BTC-PERPETUAL,7357.87,buy,10.0,
44398034,71589378,1586217837625,3,7355.5,BTC-PERPETUAL,7357.87,buy,220.0,
44398035,71589379,1586217838270,0,7359.5,BTC-PERPETUAL,7358.88,buy,480.0,
44398036,71589380,1586217838270,1,7359.5,BTC-PERPETUAL,7358.88,buy,2320.0,
44398037,71589385,1586217841463,0,7360.0,BTC-PERPETUAL,7359.54,buy,10.0,
44398038,71589386,1586217841463,1,7360.0,BTC-PERPETUAL,7359.54,buy,7350.0,
44398039,71589387,1586217841497,1,7360.0,BTC-PERPETUAL,7359.54,buy,70.0,
44398040,71589388,1586217842438,1,7360.0,BTC-PERPETUAL,7359.73,buy,8920.0,
44398041,71589389,1586217842438,1,7360.0,BTC-PERPETUAL,7359.73,buy,370.0,
44398042,71589390,1586217842438,1,7360.0,BTC-PERPETUAL,7359.73,buy,10.0,
44398043,71589391,1586217842438,1,7360.0,BTC-PERPETUAL,7359.73,buy,150.0,
44398044,71589392,1586217842438,1,7360.0,BTC-PERPETUAL,7359.73,buy,550.0,
44398045,71589393,1586217843972,0,7360.5,BTC-PERPETUAL,7360.11,buy,480.0,
44398046,71589394,1586217843972,0,7361.5,BTC-PERPETUAL,7360.11,buy,200.0,
44398047,71589395,1586217843972,0,7362.0,BTC-PERPETUAL,7360.11,buy,20.0,
44398048,71589396,1586217843972,1,7362.0,BTC-PERPETUAL,7360.11,buy,1300.0,
44398049,71589398,1586217848423,0,7362.5,BTC-PERPETUAL,7361.33,buy,10.0,
44398050,71589399,1586217848423,1,7362.5,BTC-PERPETUAL,7361.33,buy,10.0,
44398051,71589400,1586217848423,1,7362.5,BTC-PERPETUAL,7361.33,buy,10.0,
44398052,71589402,1586217848464,0,7363.0,BTC-PERPETUAL,7361.33,buy,80.0,
44398053,71589404,1586217853170,0,7363.5,BTC-PERPETUAL,7361.91,buy,40.0,
44398054,71589406,1586217855198,1,7363.5,BTC-PERPETUAL,7363.11,buy,10.0,
44398055,71589407,1586217855198,1,7363.5,BTC-PERPETUAL,7363.11,buy,1680.0,
44398056,71589408,1586217857975,1,7363.5,BTC-PERPETUAL,7362.49,buy,40.0,
44398057,71589409,1586217857975,1,7363.5,BTC-PERPETUAL,7362.49,buy,2040.0,
44398058,71589410,1586217858183,1,7363.5,BTC-PERPETUAL,7362.49,buy,1630.0,
44398059,71589411,1586217858303,1,7363.5,BTC-PERPETUAL,7362.49,buy,1330.0,
44398060,71589412,1586217858309,0,7364.0,BTC-PERPETUAL,7362.49,buy,30.0,
44398061,71589413,1586217858309,1,7364.0,BTC-PERPETUAL,7362.49,buy,10.0,
44398062,71589414,1586217858309,1,7364.0,BTC-PERPETUAL,7362.49,buy,200.0,
44398063,71589415,1586217858309,1,7364.0,BTC-PERPETUAL,7362.49,buy,200.0,
44398064,71589417,1586217858367,1,7364.0,BTC-PERPETUAL,7362.49,sell,1700.0,
44398065,71589418,1586217858846,0,7364.5,BTC-PERPETUAL,7363.35,buy,200.0,
44398066,71589419,1586217858846,1,7364.5,BTC-PERPETUAL,7363.35,buy,60.0,
44398067,71589420,1586217858846,1,7364.5,BTC-PERPETUAL,7363.35,buy,60.0,
44398068,71589421,1586217858846,1,7364.5,BTC-PERPETUAL,7363.35,buy,10.0,
44398069,71589423,1586217858906,0,7365.0,BTC-PERPETUAL,7363.35,buy,100.0,
44398070,71589424,1586217858906,1,7365.0,BTC-PERPETUAL,7363.35,buy,20.0,
44398071,71589425,1586217858906,1,7365.0,BTC-PERPETUAL,7363.35,buy,180.0,
44398072,71589426,1586217858941,0,7365.5,BTC-PERPETUAL,7363.35,buy,10.0,
44398073,71589427,1586217858941,0,7366.0,BTC-PERPETUAL,7363.35,buy,180.0,
44398074,71589428,1586217859026,1,7366.0,BTC-PERPETUAL,7363.35,buy,10.0,
44398075,71589429,1586217861229,1,7366.0,BTC-PERPETUAL,7365.23,buy,270.0,
44398076,71589430,1586217861229,1,7366.0,BTC-PERPETUAL,7365.23,buy,10.0,
44398077,71589432,1586217861273,0,7366.5,BTC-PERPETUAL,7365.23,buy,200.0,
44398078,71589433,1586217861755,0,7367.0,BTC-PERPETUAL,7365.6,buy,10.0,
44398079,71589434,1586217861755,0,7367.5,BTC-PERPETUAL,7365.6,buy,40.0,
44398080,71589435,1586217861809,2,7367.0,BTC-PERPETUAL,7365.6,sell,2310.0,
44398081,71589436,1586217861809,3,7367.0,BTC-PERPETUAL,7365.6,sell,400.0,
44398082,71589437,1586217861809,3,7367.0,BTC-PERPETUAL,7365.6,sell,1290.0,
44398083,71589438,1586217864322,0,7367.5,BTC-PERPETUAL,7367.14,buy,160.0,
44398084,71589439,1586217864322,1,7367.5,BTC-PERPETUAL,7367.14,buy,200.0,
44398085,71589440,1586217864322,1,7367.5,BTC-PERPETUAL,7367.14,buy,120.0,
44398086,71589441,1586217865837,1,7367.5,BTC-PERPETUAL,7367.8,buy,1000.0,
44398087,71589442,1586217866244,1,7367.5,BTC-PERPETUAL,7367.8,buy,170.0,
44398088,71589443,1586217866244,1,7367.5,BTC-PERPETUAL,7367.8,buy,10.0,
44398089,71589444,1586217866244,1,7367.5,BTC-PERPETUAL,7367.8,buy,50.0,
44398090,71589445,1586217866257,1,7367.5,BTC-PERPETUAL,7367.8,buy,680.0,
44398091,71589446,1586217866267,0,7368.0,BTC-PERPETUAL,7367.8,buy,10.0,
44398092,71589447,1586217866267,1,7368.0,BTC-PERPETUAL,7367.8,buy,80.0,
44398093,71589448,1586217867521,1,7368.0,BTC-PERPETUAL,7368.22,buy,470.0,
44398094,71589449,1586217867521,0,7368.5,BTC-PERPETUAL,7368.22,buy,530.0,
44398095,71589450,1586217868246,1,7368.5,BTC-PERPETUAL,7368.22,buy,680.0,
44398096,71589453,1586217870320,0,7370.0,BTC-PERPETUAL,7368.68,buy,10.0,
44398097,71589454,1586217870320,1,7370.0,BTC-PERPETUAL,7368.68,buy,3200.0,
44398098,71589455,1586217870320,1,7370.0,BTC-PERPETUAL,7368.68,buy,600.0,
44398099,71589456,1586217870320,1,7370.0,BTC-PERPETUAL,7368.68,buy,5310.0,
44398100,71589457,1586217870320,0,7371.0,BTC-PERPETUAL,7368.68,buy,10.0,
44398101,71589458,1586217870320,0,7372.0,BTC-PERPETUAL,7368.68,buy,20.0,
44398102,71589459,1586217870320,1,7372.0,BTC-PERPETUAL,7368.68,buy,40.0,
44398103,71589460,1586217870320,1,7372.0,BTC-PERPETUAL,7368.68,buy,150.0,
44398104,71589461,1586217870320,1,7372.0,BTC-PERPETUAL,7368.68,buy,1000.0,
44398105,71589462,1586217870320,1,7372.0,BTC-PERPETUAL,7368.68,buy,16370.0,
44398106,71589463,1586217870320,0,7373.0,BTC-PERPETUAL,7368.68,buy,20.0,
44398107,71589464,1586217870320,1,7373.0,BTC-PERPETUAL,7368.68,buy,80.0,
44398108,71589465,1586217870320,0,7373.5,BTC-PERPETUAL,7368.68,buy,30.0,
44398109,71589466,1586217870320,0,7374.0,BTC-PERPETUAL,7368.68,buy,160.0,
44398110,71589467,1586217870320,1,7374.0,BTC-PERPETUAL,7368.68,buy,160.0,
44398111,71589468,1586217870320,1,7374.0,BTC-PERPETUAL,7368.68,buy,9690.0,
44398112,71589469,1586217872528,1,7374.0,BTC-PERPETUAL,7370.69,buy,300.0,
44398113,71589470,1586217872854,2,7373.5,BTC-PERPETUAL,7370.69,sell,10.0,
44398114,71589471,1586217872959,0,7374.0,BTC-PERPETUAL,7370.69,buy,100.0,T
44398115,71589472,1586217872959,1,7374.0,BTC-PERPETUAL,7370.69,buy,700.0,T
44398116,71589477,1586217875130,1,7374.0,BTC-PERPETUAL,7371.02,buy,20.0,T
44398117,71589478,1586217875130,1,7374.0,BTC-PERPETUAL,7371.02,buy,20.0,T
44398118,71589479,1586217875130,0,7375.0,BTC-PERPETUAL,7371.02,buy,360.0,T
44398119,71589480,1586217875149,1,7375.0,BTC-PERPETUAL,7371.02,buy,140.0,
44398120,71589481,1586217875149,1,7375.0,BTC-PERPETUAL,7371.02,buy,160.0,
44398121,71589482,1586217875823,2,7374.5,BTC-PERPETUAL,7372.35,sell,100.0,
44398122,71589491,1586217876770,3,7374.5,BTC-PERPETUAL,7372.94,sell,1800.0,
44398123,71589492,1586217876770,3,7374.5,BTC-PERPETUAL,7372.94,sell,200.0,
44398124,71589493,1586217876860,0,7375.0,BTC-PERPETUAL,7372.94,buy,10.0,
44398125,71589494,1586217876935,1,7375.0,BTC-PERPETUAL,7372.94,buy,830.0,
44398126,71589495,1586217876935,1,7375.0,BTC-PERPETUAL,7372.94,buy,10.0,
44398127,71589496,1586217876935,1,7375.0,BTC-PERPETUAL,7372.94,buy,660.0,
44398128,71589497,1586217877198,1,7375.0,BTC-PERPETUAL,7372.94,buy,450.0,
44398129,71589498,1586217877198,1,7375.0,BTC-PERPETUAL,7372.94,buy,160.0,
44398130,71589499,1586217877198,1,7375.0,BTC-PERPETUAL,7372.94,buy,50.0,
44398131,71589500,1586217877198,1,7375.0,BTC-PERPETUAL,7372.94,buy,160.0,
44398132,71589501,1586217877198,1,7375.0,BTC-PERPETUAL,7372.94,buy,160.0,
44398133,71589502,1586217877198,1,7375.0,BTC-PERPETUAL,7372.94,buy,20.0,
44398134,71589503,1586217877198,1,7375.0,BTC-PERPETUAL,7372.94,buy,10.0,
44398135,71589504,1586217877198,1,7375.0,BTC-PERPETUAL,7372.94,buy,160.0,
44398136,71589505,1586217877198,1,7375.0,BTC-PERPETUAL,7372.94,buy,1280.0,
44398137,71589506,1586217877260,0,7375.5,BTC-PERPETUAL,7372.94,buy,3000.0,
44398138,71589507,1586217877260,1,7375.5,BTC-PERPETUAL,7372.94,buy,160.0,
44398139,71589508,1586217877712,0,7376.5,BTC-PERPETUAL,7372.81,buy,640.0,T
44398140,71589509,1586217877712,1,7376.5,BTC-PERPETUAL,7372.81,buy,7970.0,T
44398141,71589513,1586217878517,1,7376.5,BTC-PERPETUAL,7372.81,buy,520.0,T
44398142,71589514,1586217878517,1,7376.5,BTC-PERPETUAL,7372.81,buy,7020.0,T
44398143,71589515,1586217879043,1,7376.5,BTC-PERPETUAL,7372.6,buy,1000.0,
44398144,71589516,1586217879043,1,7376.5,BTC-PERPETUAL,7372.6,buy,1000.0,
44398145,71589517,1586217879043,1,7376.5,BTC-PERPETUAL,7372.6,buy,220.0,
44398146,71589518,1586217879043,1,7376.5,BTC-PERPETUAL,7372.6,buy,540.0,
44398147,71589519,1586217879046,1,7376.5,BTC-PERPETUAL,7372.6,buy,100.0,
44398148,71589522,1586217879051,1,7376.5,BTC-PERPETUAL,7372.6,buy,10.0,
44398149,71589523,1586217879062,0,7377.0,BTC-PERPETUAL,7372.6,buy,300.0,
44398150,71589524,1586217879062,0,7377.5,BTC-PERPETUAL,7372.6,buy,950.0,
44398151,71589525,1586217879077,1,7377.5,BTC-PERPETUAL,7372.6,buy,1250.0,
44398152,71589526,1586217879079,1,7377.5,BTC-PERPETUAL,7372.6,buy,800.0,
44398153,71589527,1586217879079,1,7377.5,BTC-PERPETUAL,7372.6,buy,36350.0,
44398154,71589533,1586217879088,0,7378.0,BTC-PERPETUAL,7372.6,buy,160.0,
44398155,71589534,1586217879088,1,7378.0,BTC-PERPETUAL,7372.6,buy,90.0,
44398156,71589535,1586217879088,1,7378.0,BTC-PERPETUAL,7372.6,buy,160.0,
44398157,71589536,1586217879088,1,7378.0,BTC-PERPETUAL,7372.6,buy,200.0,
44398158,71589537,1586217879088,0,7378.5,BTC-PERPETUAL,7372.6,buy,30.0,
44398159,71589538,1586217879088,1,7378.5,BTC-PERPETUAL,7372.6,buy,60.0,
44398160,71589539,1586217879088,0,7379.5,BTC-PERPETUAL,7372.6,buy,550.0,
44398161,71589540,1586217879089,1,7379.5,BTC-PERPETUAL,7372.6,buy,1000.0,
44398162,71589541,1586217879112,1,7379.5,BTC-PERPETUAL,7372.6,buy,1450.0,
44398163,71589542,1586217879112,0,7380.0,BTC-PERPETUAL,7372.6,buy,110.0,
44398164,71589543,1586217879112,1,7380.0,BTC-PERPETUAL,7372.6,buy,1220.0,
44398165,71589544,1586217879112,1,7380.0,BTC-PERPETUAL,7372.6,buy,12220.0,
44398166,71589545,1586217879113,1,7380.0,BTC-PERPETUAL,7372.6,buy,7780.0,
44398167,71589546,1586217879113,1,7380.0,BTC-PERPETUAL,7372.6,buy,2220.0,
44398168,71589548,1586217879113,1,7380.0,BTC-PERPETUAL,7372.6,buy,2780.0,
44398169,71589549,1586217879113,1,7380.0,BTC-PERPETUAL,7372.6,buy,10.0,
44398170,71589550,1586217879113,1,7380.0,BTC-PERPETUAL,7372.6,buy,10.0,
44398171,71589551,1586217879113,1,7380.0,BTC-PERPETUAL,7372.6,buy,10.0,
44398172,71589552,1586217879113,1,7380.0,BTC-PERPETUAL,7372.6,buy,50.0,
44398173,71589553,1586217879113,1,7380.0,BTC-PERPETUAL,7372.6,buy,1000.0,
44398174,71589554,1586217879113,0,7380.5,BTC-PERPETUAL,7372.6,buy,160.0,
44398175,71589555,1586217879113,1,7380.5,BTC-PERPETUAL,7372.6,buy,4480.0,
44398176,71589556,1586217879129,1,7380.5,BTC-PERPETUAL,7372.6,buy,3880.0,
44398177,71589557,1586217879129,1,7380.5,BTC-PERPETUAL,7372.6,buy,8020.0,
44398178,71589558,1586217879129,0,7381.0,BTC-PERPETUAL,7372.6,buy,40.0,
44398179,71589559,1586217879129,0,7381.5,BTC-PERPETUAL,7372.6,buy,160.0,
44398180,71589560,1586217879129,1,7381.5,BTC-PERPETUAL,7372.6,buy,9920.0,
44398181,71589561,1586217879129,0,7382.0,BTC-PERPETUAL,7372.6,buy,20.0,
44398182,71589562,1586217879129,1,7382.0,BTC-PERPETUAL,7372.6,buy,10.0,
44398183,71589563,1586217879129,1,7382.0,BTC-PERPETUAL,7372.6,buy,3000.0,
44398184,71589564,1586217879129,1,7382.0,BTC-PERPETUAL,7372.6,buy,7710.0,
44398185,71589565,1586217879129,1,7382.0,BTC-PERPETUAL,7372.6,buy,460.0,
44398186,71589566,1586217879129,1,7382.0,BTC-PERPETUAL,7372.6,buy,16820.0,
44398187,71589567,1586217879138,1,7382.0,BTC-PERPETUAL,7372.6,buy,10.0,
44398188,71589568,1586217879222,2,7381.5,BTC-PERPETUAL,7372.6,sell,1800.0,
44398189,71589569,1586217879222,2,7380.0,BTC-PERPETUAL,7372.6,sell,1800.0,
44398190,71589570,1586217879222,2,7379.5,BTC-PERPETUAL,7372.6,sell,1400.0,
44398191,71589571,1586217879255,0,7380.5,BTC-PERPETUAL,7372.6,buy,70.0,
44398192,71589572,1586217879255,1,7380.5,BTC-PERPETUAL,7372.6,buy,110.0,
44398193,71589573,1586217879255,0,7382.5,BTC-PERPETUAL,7372.6,buy,20.0,
44398194,71589574,1586217879255,1,7382.5,BTC-PERPETUAL,7372.6,buy,1370.0,
44398195,71589575,1586217879256,1,7382.5,BTC-PERPETUAL,7372.6,buy,10.0,
44398196,71589576,1586217879259,1,7382.5,BTC-PERPETUAL,7372.6,buy,28610.0,
44398197,71589577,1586217879259,0,7383.5,BTC-PERPETUAL,7372.6,buy,20.0,
44398198,71589578,1586217879259,1,7383.5,BTC-PERPETUAL,7372.6,buy,140.0,
44398199,71589579,1586217879259,1,7383.5,BTC-PERPETUAL,7372.6,buy,4030.0,
44398200,71589580,1586217879259,1,7383.5,BTC-PERPETUAL,7372.6,buy,1200.0,
44398201,71589581,1586217879259,1,7383.5,BTC-PERPETUAL,7372.6,buy,2500.0,
44398202,71589582,1586217879259,0,7384.0,BTC-PERPETUAL,7372.6,buy,500.0,
44398203,71589583,1586217879259,1,7384.0,BTC-PERPETUAL,7372.6,buy,10.0,
44398204,71589584,1586217879259,1,7384.0,BTC-PERPETUAL,7372.6,buy,1000.0,
44398205,71589585,1586217879259,1,7384.0,BTC-PERPETUAL,7372.6,buy,10.0,
44398206,71589586,1586217879259,1,7384.0,BTC-PERPETUAL,7372.6,buy,130.0,
44398207,71589587,1586217879259,0,7384.5,BTC-PERPETUAL,7372.6,buy,14770.0,
44398208,71589588,1586217879259,1,7384.5,BTC-PERPETUAL,7372.6,buy,4030.0,
44398209,71589589,1586217879259,1,7384.5,BTC-PERPETUAL,7372.6,buy,100.0,
44398210,71589590,1586217879259,0,7385.0,BTC-PERPETUAL,7372.6,buy,6400.0,
44398211,71589591,1586217879259,1,7385.0,BTC-PERPETUAL,7372.6,buy,160.0,
44398212,71589592,1586217879259,1,7385.0,BTC-PERPETUAL,7372.6,buy,100.0,
44398213,71589593,1586217879259,1,7385.0,BTC-PERPETUAL,7372.6,buy,20350.0,
44398214,71589594,1586217879259,1,7385.0,BTC-PERPETUAL,7372.6,buy,12300.0,
44398215,71589595,1586217879259,0,7385.5,BTC-PERPETUAL,7372.6,buy,640.0,
44398216,71589596,1586217879259,1,7385.5,BTC-PERPETUAL,7372.6,buy,32200.0,
44398217,71589597,1586217879259,1,7385.5,BTC-PERPETUAL,7372.6,buy,10800.0,
44398218,71589599,1586217879275,2,7382.0,BTC-PERPETUAL,7372.6,buy,270.0,
44398219,71589600,1586217879275,0,7385.5,BTC-PERPETUAL,7372.6,buy,12730.0,
44398220,71589607,1586217879305,2,7382.0,BTC-PERPETUAL,7372.6,buy,700.0,
44398221,71589608,1586217879309,3,7382.0,BTC-PERPETUAL,7372.6,buy,60.0,
44398222,71589609,1586217879362,3,7382.0,BTC-PERPETUAL,7372.6,buy,1500.0,
44398223,71589610,1586217879376,3,7382.0,BTC-PERPETUAL,7372.6,buy,6600.0,T
44398224,71589611,1586217879421,3,7382.0,BTC-PERPETUAL,7372.6,buy,270.0,
44398225,71589612,1586217879502,3,7382.0,BTC-PERPETUAL,7372.6,buy,500.0,
44398226,71589616,1586217879609,3,7382.0,BTC-PERPETUAL,7377.57,buy,630.0,
44398227,71589617,1586217879623,0,7384.0,BTC-PERPETUAL,7377.57,buy,300.0,
44398228,71589618,1586217879768,1,7384.0,BTC-PERPETUAL,7377.57,buy,1870.0,
44398229,71589619,1586217880149,0,7384.5,BTC-PERPETUAL,7377.57,buy,10.0,
44398230,71589620,1586217880149,0,7387.5,BTC-PERPETUAL,7377.57,buy,250.0,
44398231,71589621,1586217880149,1,7387.5,BTC-PERPETUAL,7377.57,buy,100.0,
44398232,71589622,1586217880149,0,7388.0,BTC-PERPETUAL,7377.57,buy,1880.0,
44398233,71589623,1586217880158,1,7388.0,BTC-PERPETUAL,7377.57,buy,350.0,
44398234,71589625,1586217880320,1,7388.0,BTC-PERPETUAL,7377.57,buy,990.0,
44398235,71589627,1586217880329,2,7387.5,BTC-PERPETUAL,7377.57,sell,100.0,
44398236,71589628,1586217880329,3,7387.5,BTC-PERPETUAL,7377.57,sell,1000.0,
44398237,71589629,1586217880329,3,7387.5,BTC-PERPETUAL,7377.57,sell,10.0,
44398238,71589630,1586217880329,3,7387.5,BTC-PERPETUAL,7377.57,sell,90.0,
44398239,71589631,1586217880329,2,7386.0,BTC-PERPETUAL,7377.57,sell,260.0,
44398240,71589632,1586217880329,2,7385.5,BTC-PERPETUAL,7377.57,sell,4980.0,
44398241,71589633,1586217880645,0,7386.0,BTC-PERPETUAL,7378.0,buy,1800.0,T
44398242,71589634,1586217880645,1,7386.0,BTC-PERPETUAL,7378.0,buy,1800.0,T
44398243,71589635,1586217880645,1,7386.0,BTC-PERPETUAL,7378.0,buy,2170.0,T
44398244,71589637,1586217880869,2,7385.5,BTC-PERPETUAL,7378.0,sell,240.0,
44398245,71589638,1586217880869,3,7385.5,BTC-PERPETUAL,7378.0,sell,100.0,
44398246,71589639,1586217880869,3,7385.5,BTC-PERPETUAL,7378.0,sell,3600.0,
44398247,71589640,1586217880869,3,7385.5,BTC-PERPETUAL,7378.0,sell,1800.0,
44398248,71589641,1586217880869,3,7385.5,BTC-PERPETUAL,7378.0,sell,700.0,
44398249,71589650,1586217881334,3,7385.5,BTC-PERPETUAL,7378.0,sell,430.0,
44398250,71589651,1586217881334,3,7385.5,BTC-PERPETUAL,7378.0,sell,100.0,
44398251,71589652,1586217881334,2,7384.5,BTC-PERPETUAL,7378.0,sell,1000.0,
44398252,71589653,1586217881334,2,7384.0,BTC-PERPETUAL,7378.0,sell,10.0,
44398253,71589654,1586217881334,2,7383.5,BTC-PERPETUAL,7378.0,sell,2040.0,
44398254,71589655,1586217881334,3,7383.5,BTC-PERPETUAL,7378.0,sell,1840.0,
44398255,71589656,1586217881334,3,7383.5,BTC-PERPETUAL,7378.0,sell,1030.0,
44398256,71589657,1586217881395,3,7383.5,BTC-PERPETUAL,7378.0,buy,2000.0,T
44398257,71589658,1586217881395,3,7383.5,BTC-PERPETUAL,7378.0,buy,3000.0,T
44398258,71589659,1586217881536,2,7383.0,BTC-PERPETUAL,7378.0,buy,700.0,
44398259,71589660,1586217881536,3,7383.0,BTC-PERPETUAL,7378.0,buy,700.0,
44398260,71589661,1586217881536,3,7383.0,BTC-PERPETUAL,7378.0,buy,2000.0,
44398261,71589662,1586217881536,3,7383.0,BTC-PERPETUAL,7378.0,buy,1800.0,
44398262,71589663,1586217881536,3,7383.0,BTC-PERPETUAL,7378.0,buy,600.0,
44398263,71589664,1586217881673,0,7385.5,BTC-PERPETUAL,7379.13,buy,5050.0,T
44398264,71589665,1586217881679,2,7385.0,BTC-PERPETUAL,7379.13,sell,2100.0,
44398265,71589666,1586217882012,0,7385.5,BTC-PERPETUAL,7379.13,sell,2000.0,
44398266,71589667,1586217882012,1,7385.5,BTC-PERPETUAL,7379.13,sell,700.0,
44398267,71589668,1586217882012,1,7385.5,BTC-PERPETUAL,7379.13,sell,700.0,
44398268,71589669,1586217882012,1,7385.5,BTC-PERPETUAL,7379.13,sell,100.0,
44398269,71589670,1586217882012,1,7385.5,BTC-PERPETUAL,7379.13,sell,2940.0,
44398270,71589671,1586217882199,0,7386.0,BTC-PERPETUAL,7379.13,buy,180.0,T
44398271,71589672,1586217882199,1,7386.0,BTC-PERPETUAL,7379.13,buy,20.0,T
44398272,71589673,1586217882199,1,7386.0,BTC-PERPETUAL,7379.13,buy,4800.0,T
44398273,71589674,1586217882334,2,7385.5,BTC-PERPETUAL,7379.13,sell,100.0,
44398274,71589675,1586217882334,3,7385.5,BTC-PERPETUAL,7379.13,sell,150.0,
44398275,71589676,1586217882334,3,7385.5,BTC-PERPETUAL,7379.13,sell,10.0,
44398276,71589677,1586217882361,2,7385.0,BTC-PERPETUAL,7379.13,sell,2400.0,
44398277,71589678,1586217882367,3,7385.0,BTC-PERPETUAL,7379.13,sell,2000.0,
44398278,71589679,1586217882395,3,7385.0,BTC-PERPETUAL,7379.13,sell,650.0,
44398279,71589680,1586217882395,3,7385.0,BTC-PERPETUAL,7379.13,sell,80.0,
44398280,71589681,1586217882465,2,7382.0,BTC-PERPETUAL,7379.13,sell,10.0,
44398281,71589682,1586217882478,3,7382.0,BTC-PERPETUAL,7379.13,buy,2000.0,T
44398282,71589683,1586217882478,3,7382.0,BTC-PERPETUAL,7379.13,buy,3000.0,T
44398283,71589684,1586217882641,2,7381.5,BTC-PERPETUAL,7377.89,sell,20.0,
44398284,71589685,1586217882641,3,7381.5,BTC-PERPETUAL,7377.89,sell,10.0,
44398285,71589686,1586217882641,3,7381.5,BTC-PERPETUAL,7377.89,sell,1620.0,
44398286,71589687,1586217882661,3,7381.5,BTC-PERPETUAL,7377.89,sell,2280.0,
44398287,71589689,1586217882691,3,7381.5,BTC-PERPETUAL,7377.89,sell,5880.0,
44398288,71589690,1586217882691,3,7381.5,BTC-PERPETUAL,7377.89,sell,2000.0,
44398289,71589691,1586217882691,3,7381.5,BTC-PERPETUAL,7377.89,sell,280.0,
44398290,71589693,1586217882717,2,7381.0,BTC-PERPETUAL,7377.89,sell,110.0,
44398291,71589694,1586217882717,3,7381.0,BTC-PERPETUAL,7377.89,sell,1530.0,
44398292,71589695,1586217882727,2,7380.0,BTC-PERPETUAL,7377.89,sell,1200.0,
44398293,71589696,1586217882727,3,7380.0,BTC-PERPETUAL,7377.89,sell,10.0,
44398294,71589697,1586217882727,3,7380.0,BTC-PERPETUAL,7377.89,sell,10.0,
44398295,71589698,1586217882727,3,7380.0,BTC-PERPETUAL,7377.89,sell,1530.0,
44398296,71589699,1586217882727,2,7379.5,BTC-PERPETUAL,7377.89,sell,460.0,
44398297,71589700,1586217882752,3,7379.5,BTC-PERPETUAL,7377.89,sell,1660.0,
44398298,71589702,1586217882761,3,7379.5,BTC-PERPETUAL,7377.89,sell,4220.0,
44398299,71589703,1586217882790,0,7380.0,BTC-PERPETUAL,7377.89,buy,700.0,T
44398300,71589704,1586217882790,1,7380.0,BTC-PERPETUAL,7377.89,buy,2650.0,T
44398301,71589705,1586217882797,2,7379.5,BTC-PERPETUAL,7377.89,sell,1840.0,
44398302,71589706,1586217882800,3,7379.5,BTC-PERPETUAL,7377.89,sell,1530.0,
44398303,71589707,1586217882800,3,7379.5,BTC-PERPETUAL,7377.89,sell,300.0,
44398304,71589708,1586217882800,3,7379.5,BTC-PERPETUAL,7377.89,sell,1980.0,
44398305,71589709,1586217882805,3,7379.5,BTC-PERPETUAL,7377.89,sell,1700.0,
44398306,71589710,1586217882805,3,7379.5,BTC-PERPETUAL,7377.89,sell,2000.0,
44398307,71589711,1586217882805,3,7379.5,BTC-PERPETUAL,7377.89,sell,370.0,
44398308,71589712,1586217882805,3,7379.5,BTC-PERPETUAL,7377.89,sell,280.0,
44398309,71589713,1586217882810,3,7379.5,BTC-PERPETUAL,7377.89,sell,250.0,
44398310,71589715,1586217883004,0,7380.0,BTC-PERPETUAL,7377.89,buy,290.0,T
44398311,71589716,1586217883004,1,7380.0,BTC-PERPETUAL,7377.89,buy,4710.0,T
44398312,71589717,1586217883283,1,7380.0,BTC-PERPETUAL,7377.89,buy,5000.0,T
44398313,71589719,1586217883809,1,7380.0,BTC-PERPETUAL,7377.07,buy,2590.0,T
44398314,71589720,1586217883852,1,7380.0,BTC-PERPETUAL,7377.07,buy,1210.0,
44398315,71589721,1586217883985,1,7380.0,BTC-PERPETUAL,7377.07,buy,790.0,
44398316,71589722,1586217883985,1,7380.0,BTC-PERPETUAL,7377.07,buy,370.0,
44398317,71589723,1586217883985,1,7380.0,BTC-PERPETUAL,7377.07,buy,5000.0,
44398318,71589724,1586217883996,0,7381.0,BTC-PERPETUAL,7377.07,buy,2730.0,
44398319,71589725,1586217884017,1,7381.0,BTC-PERPETUAL,7377.07,buy,2270.0,
44398320,71589726,1586217884017,1,7381.0,BTC-PERPETUAL,7377.07,buy,150.0,
44398321,71589727,1586217884017,0,7381.5,BTC-PERPETUAL,7377.07,buy,9220.0,
44398322,71589728,1586217884017,0,7382.0,BTC-PERPETUAL,7377.07,buy,1000.0,
44398323,71589729,1586217884017,1,7382.0,BTC-PERPETUAL,7377.07,buy,1000.0,
44398324,71589730,1586217884017,0,7383.0,BTC-PERPETUAL,7377.07,buy,12100.0,
44398325,71589731,1586217884017,0,7383.5,BTC-PERPETUAL,7377.07,buy,100.0,
44398326,71589733,1586217884081,2,7382.5,BTC-PERPETUAL,7377.07,buy,1750.0,
44398327,71589734,1586217884083,3,7382.5,BTC-PERPETUAL,7377.07,buy,560.0,
44398328,71589735,1586217884089,0,7384.0,BTC-PERPETUAL,7377.07,buy,20.0,T
44398329,71589736,1586217884089,0,7384.5,BTC-PERPETUAL,7377.07,buy,2500.0,T
44398330,71589737,1586217884091,0,7387.0,BTC-PERPETUAL,7377.07,buy,1250.0,
44398331,71589738,1586217884092,1,7387.0,BTC-PERPETUAL,7377.07,buy,10850.0,
44398332,71589739,1586217884092,0,7388.0,BTC-PERPETUAL,7377.07,buy,11560.0,
44398333,71589740,1586217884092,1,7388.0,BTC-PERPETUAL,7377.07,buy,740.0,
44398334,71589741,1586217884092,1,7388.0,BTC-PERPETUAL,7377.07,buy,10.0,
44398335,71589742,1586217884092,1,7388.0,BTC-PERPETUAL,7377.07,buy,200.0,
44398336,71589743,1586217884092,1,7388.0,BTC-PERPETUAL,7377.07,buy,180.0,
44398337,71589744,1586217884092,1,7388.0,BTC-PERPETUAL,7377.07,buy,1000.0,
44398338,71589745,1586217884092,1,7388.0,BTC-PERPETUAL,7377.07,buy,460.0,
44398339,71589746,1586217884092,1,7388.0,BTC-PERPETUAL,7377.07,buy,3000.0,
44398340,71589747,1586217884092,1,7388.0,BTC-PERPETUAL,7377.07,buy,21970.0,
44398341,71589748,1586217884101,1,7388.0,BTC-PERPETUAL,7377.07,buy,1000.0,
44398342,71589749,1586217884102,1,7388.0,BTC-PERPETUAL,7377.07,buy,8000.0,
44398343,71589750,1586217884106,1,7388.0,BTC-PERPETUAL,7377.07,buy,5970.0,
44398344,71589751,1586217884106,1,7388.0,BTC-PERPETUAL,7377.07,buy,560.0,
44398345,71589752,1586217884106,1,7388.0,BTC-PERPETUAL,7377.07,buy,180.0,
44398346,71589753,1586217884106,1,7388.0,BTC-PERPETUAL,7377.07,buy,100.0,
44398347,71589754,1586217884106,0,7388.5,BTC-PERPETUAL,7377.07,buy,80.0,
44398348,71589755,1586217884106,1,7388.5,BTC-PERPETUAL,7377.07,buy,10.0,
44398349,71589756,1586217884106,1,7388.5,BTC-PERPETUAL,7377.07,buy,20.0,
44398350,71589757,1586217884106,1,7388.5,BTC-PERPETUAL,7377.07,buy,10.0,
44398351,71589758,1586217884106,1,7388.5,BTC-PERPETUAL,7377.07,buy,3650.0,
44398352,71589759,1586217884106,0,7389.0,BTC-PERPETUAL,7377.07,buy,1420.0,
44398353,71589760,1586217884111,1,7389.0,BTC-PERPETUAL,7377.07,buy,8580.0,
44398354,71589761,1586217884111,1,7389.0,BTC-PERPETUAL,7377.07,buy,7420.0,
44398355,71589763,1586217884118,2,7387.5,BTC-PERPETUAL,7377.07,sell,1800.0,
44398356,71589764,1586217884118,2,7387.0,BTC-PERPETUAL,7377.07,sell,20.0,
44398357,71589765,1586217884118,2,7386.5,BTC-PERPETUAL,7377.07,sell,2480.0,M
44398358,71589766,1586217884118,3,7386.5,BTC-PERPETUAL,7377.07,sell,700.0,
44398359,71589767,1586217884143,0,7388.5,BTC-PERPETUAL,7377.07,buy,1250.0,
44398360,71589768,1586217884193,2,7387.5,BTC-PERPETUAL,7377.07,sell,830.0,
44398361,71589769,1586217884203,0,7388.0,BTC-PERPETUAL,7377.07,buy,370.0,
44398362,71589770,1586217884203,1,7388.0,BTC-PERPETUAL,7377.07,buy,700.0,
44398363,71589771,1586217884203,1,7388.0,BTC-PERPETUAL,7377.07,buy,1800.0,
44398364,71589772,1586217884205,1,7388.0,BTC-PERPETUAL,7377.07,buy,700.0,
44398365,71589773,1586217884206,0,7388.5,BTC-PERPETUAL,7377.07,buy,3080.0,
44398366,71589774,1586217884208,1,7388.5,BTC-PERPETUAL,7377.07,buy,3920.0,
44398367,71589775,1586217884286,1,7388.5,BTC-PERPETUAL,7377.07,buy,130.0,
44398368,71589776,1586217884286,1,7388.5,BTC-PERPETUAL,7377.07,buy,2500.0,
44398369,71589777,1586217884286,1,7388.5,BTC-PERPETUAL,7377.07,buy,1230.0,
44398370,71589778,1586217884287,1,7388.5,BTC-PERPETUAL,7377.07,buy,770.0,
44398371,71589779,1586217884287,1,7388.5,BTC-PERPETUAL,7377.07,buy,5000.0,
44398372,71589782,1586217884325,0,7389.0,BTC-PERPETUAL,7377.07,buy,580.0,
44398373,71589783,1586217884325,1,7389.0,BTC-PERPETUAL,7377.07,buy,5440.0,
44398374,71589784,1586217884327,1,7389.0,BTC-PERPETUAL,7377.07,buy,11920.0,
44398375,71589785,1586217884329,1,7389.0,BTC-PERPETUAL,7377.07,buy,2250.0,
44398376,71589786,1586217884331,1,7389.0,BTC-PERPETUAL,7377.07,buy,1510.0,
44398377,71589787,1586217884332,1,7389.0,BTC-PERPETUAL,7377.07,buy,1250.0,
44398378,71589789,1586217884374,1,7389.0,BTC-PERPETUAL,7377.07,buy,14570.0,
44398379,71589793,1586217884626,1,7389.0,BTC-PERPETUAL,7382.01,buy,1000.0,
44398380,71589794,1586217885081,2,7388.5,BTC-PERPETUAL,7382.01,sell,370.0,
44398381,71589795,1586217885081,3,7388.5,BTC-PERPETUAL,7382.01,sell,1510.0,
44398382,71589796,1586217885296,0,7389.0,BTC-PERPETUAL,7382.01,buy,5000.0,T
44398383,71589797,1586217885297,2,7388.5,BTC-PERPETUAL,7382.01,sell,1000.0,
44398384,71589798,1586217885673,0,7389.0,BTC-PERPETUAL,7383.01,buy,160.0,
44398385,71589799,1586217885685,1,7389.0,BTC-PERPETUAL,7383.01,buy,150.0,
44398386,71589800,1586217885767,1,7389.0,BTC-PERPETUAL,7383.01,buy,3210.0,
44398387,71589801,1586217886074,1,7389.0,BTC-PERPETUAL,7383.01,buy,10.0,
44398388,71589802,1586217886076,1,7389.0,BTC-PERPETUAL,7383.01,buy,10.0,
44398389,71589803,1586217886101,1,7389.0,BTC-PERPETUAL,7383.01,buy,5000.0,T
44398390,71589804,1586217886373,2,7388.5,BTC-PERPETUAL,7383.01,sell,1000.0,
44398391,71589805,1586217886412,2,7386.5,BTC-PERPETUAL,7383.01,sell,10.0,
44398392,71589806,1586217886512,2,7385.5,BTC-PERPETUAL,7383.01,sell,10.0,
44398393,71589807,1586217886512,3,7385.5,BTC-PERPETUAL,7383.01,sell,150.0,
44398394,71589808,1586217886565,2,7385.0,BTC-PERPETUAL,7383.01,sell,36870.0,
44398395,71589809,1586217886905,3,7385.0,BTC-PERPETUAL,7382.07,buy,2000.0,T
44398396,71589810,1586217886905,3,7385.0,BTC-PERPETUAL,7382.07,buy,1510.0,T
44398397,71589811,1586217886905,3,7385.0,BTC-PERPETUAL,7382.07,buy,150.0,T
44398398,71589812,1586217886905,3,7385.0,BTC-PERPETUAL,7382.07,buy,1340.0,T
44398399,71589813,1586217887236,0,7385.5,BTC-PERPETUAL,7382.07,buy,4800.0,
44398400,71589814,1586217887269,1,7385.5,BTC-PERPETUAL,7382.07,buy,3840.0,
44398401,71589815,1586217887711,1,7385.5,BTC-PERPETUAL,7382.49,buy,3400.0,T
44398402,71589816,1586217887711,0,7386.5,BTC-PERPETUAL,7382.49,buy,180.0,T
44398403,71589817,1586217887711,1,7386.5,BTC-PERPETUAL,7382.49,buy,10.0,T
44398404,71589818,1586217887711,0,7387.0,BTC-PERPETUAL,7382.49,buy,180.0,T
44398405,71589819,1586217887711,0,7389.0,BTC-PERPETUAL,7382.49,buy,10.0,T
44398406,71589820,1586217887711,1,7389.0,BTC-PERPETUAL,7382.49,buy,180.0,T
44398407,71589821,1586217887711,1,7389.0,BTC-PERPETUAL,7382.49,buy,1000.0,T
44398408,71589822,1586217887711,1,7389.0,BTC-PERPETUAL,7382.49,buy,40.0,T
44398409,71589823,1586217888118,2,7388.5,BTC-PERPETUAL,7382.49,sell,100.0,
44398410,71589824,1586217888118,3,7388.5,BTC-PERPETUAL,7382.49,sell,1670.0,
44398411,71589825,1586217888152,3,7388.5,BTC-PERPETUAL,7382.49,sell,330.0,
44398412,71589826,1586217888152,3,7388.5,BTC-PERPETUAL,7382.49,sell,3600.0,
44398413,71589827,1586217888152,3,7388.5,BTC-PERPETUAL,7382.49,sell,1800.0,
44398414,71589828,1586217888152,3,7388.5,BTC-PERPETUAL,7382.49,sell,10.0,
44398415,71589829,1586217888152,3,7388.5,BTC-PERPETUAL,7382.49,sell,120.0,
44398416,71589830,1586217888325,2,7386.0,BTC-PERPETUAL,7382.49,buy,1500.0,T
44398417,71589831,1586217888498,3,7386.0,BTC-PERPETUAL,7382.49,buy,2100.0,
44398418,71589832,1586217888498,3,7386.0,BTC-PERPETUAL,7382.49,buy,1800.0,
44398419,71589833,1586217888498,3,7386.0,BTC-PERPETUAL,7382.49,buy,310.0,
44398420,71589834,1586217888498,3,7386.0,BTC-PERPETUAL,7382.49,buy,110.0,
44398421,71589835,1586217888515,3,7386.0,BTC-PERPETUAL,7382.49,buy,340.0,T
44398422,71589836,1586217889070,0,7386.5,BTC-PERPETUAL,7382.73,sell,10.0,
44398423,71589837,1586217889070,1,7386.5,BTC-PERPETUAL,7382.73,sell,450.0,
44398424,71589838,1586217889097,2,7386.0,BTC-PERPETUAL,7382.73,sell,4000.0,
44398425,71589839,1586217889097,3,7386.0,BTC-PERPETUAL,7382.73,sell,10.0,
44398426,71589840,1586217889097,2,7385.5,BTC-PERPETUAL,7382.73,sell,7480.0,
44398427,71589841,1586217889099,3,7385.5,BTC-PERPETUAL,7382.73,sell,2500.0,
44398428,71589842,1586217889130,3,7385.5,BTC-PERPETUAL,7382.73,sell,123900.0,
44398429,71589843,1586217889131,3,7385.5,BTC-PERPETUAL,7382.73,sell,6300.0,
44398430,71589844,1586217889133,3,7385.5,BTC-PERPETUAL,7382.73,sell,300.0,
44398431,71589845,1586217889136,3,7385.5,BTC-PERPETUAL,7382.73,sell,12650.0,
44398432,71589846,1586217889136,3,7385.5,BTC-PERPETUAL,7382.73,sell,110.0,
44398433,71589850,1586217889182,2,7383.0,BTC-PERPETUAL,7382.73,sell,1040.0,
44398434,71589852,1586217889204,3,7383.0,BTC-PERPETUAL,7382.73,sell,250.0,
44398435,71589853,1586217889204,2,7382.0,BTC-PERPETUAL,7382.73,sell,180.0,
44398436,71589854,1586217889204,3,7382.0,BTC-PERPETUAL,7382.73,sell,160.0,
44398437,71589861,1586217889937,2,7380.5,BTC-PERPETUAL,7380.74,sell,90.0,
44398438,71589862,1586217889937,3,7380.5,BTC-PERPETUAL,7380.74,sell,1000.0,
44398439,71589863,1586217890016,2,7380.0,BTC-PERPETUAL,7380.74,sell,1170.0,
44398440,71589864,1586217890073,3,7380.0,BTC-PERPETUAL,7380.74,sell,120.0,
44398441,71589865,1586217890077,2,7378.5,BTC-PERPETUAL,7380.74,sell,900.0,
44398442,71589866,1586217890222,3,7378.5,BTC-PERPETUAL,7380.74,sell,720.0,
44398443,71589868,1586217890628,2,7378.0,BTC-PERPETUAL,7377.7,sell,460.0,
44398444,71589869,1586217890628,3,7378.0,BTC-PERPETUAL,7377.7,sell,140.0,
44398445,71589870,1586217890709,2,7377.5,BTC-PERPETUAL,7377.7,sell,10.0,
44398446,71589871,1586217890709,3,7377.5,BTC-PERPETUAL,7377.7,sell,100.0,
44398447,71589873,1586217891325,2,7374.5,BTC-PERPETUAL,7377.7,buy,2400.0,
44398448,71589874,1586217892068,3,7374.5,BTC-PERPETUAL,7377.13,buy,1600.0,
44398449,71589875,1586217892068,3,7374.5,BTC-PERPETUAL,7377.13,buy,1040.0,
44398450,71589876,1586217892068,3,7374.5,BTC-PERPETUAL,7377.13,buy,2000.0,
44398451,71589877,1586217892068,0,7375.0,BTC-PERPETUAL,7377.13,buy,100.0,
44398452,71589878,1586217892068,1,7375.0,BTC-PERPETUAL,7377.13,buy,10.0,
44398453,71589879,1586217892068,0,7376.5,BTC-PERPETUAL,7377.13,buy,10000.0,
44398454,71589880,1586217892068,0,7378.5,BTC-PERPETUAL,7377.13,buy,1000.0,
44398455,71589881,1586217892068,0,7379.0,BTC-PERPETUAL,7377.13,buy,3680.0,
44398456,71589882,1586217892068,1,7379.0,BTC-PERPETUAL,7377.13,buy,5570.0,
44398457,71589883,1586217892405,2,7378.5,BTC-PERPETUAL,7377.13,sell,1000.0,
44398458,71589884,1586217892566,3,7378.5,BTC-PERPETUAL,7377.13,sell,300.0,
44398459,71589885,1586217893089,2,7376.0,BTC-PERPETUAL,7376.83,buy,3600.0,
44398460,71589886,1586217893089,3,7376.0,BTC-PERPETUAL,7376.83,buy,100.0,
44398461,71589887,1586217893089,3,7376.0,BTC-PERPETUAL,7376.83,buy,18440.0,
44398462,71589888,1586217893258,3,7376.0,BTC-PERPETUAL,7376.83,buy,1800.0,
44398463,71589889,1586217893258,3,7376.0,BTC-PERPETUAL,7376.83,buy,3200.0,
44398464,71589890,1586217894348,0,7378.0,BTC-PERPETUAL,7374.54,sell,1800.0,
44398465,71589891,1586217894348,1,7378.0,BTC-PERPETUAL,7374.54,sell,3600.0,
44398466,71589892,1586217895257,2,7376.0,BTC-PERPETUAL,7374.52,buy,1800.0,
44398467,71589893,1586217895257,3,7376.0,BTC-PERPETUAL,7374.52,buy,3600.0,
44398468,71589894,1586217895257,3,7376.0,BTC-PERPETUAL,7374.52,buy,5000.0,
44398469,71589895,1586217895257,3,7376.0,BTC-PERPETUAL,7374.52,buy,2000.0,
44398470,71589896,1586217895257,3,7376.0,BTC-PERPETUAL,7374.52,buy,3000.0,
44398471,71589897,1586217895257,3,7376.0,BTC-PERPETUAL,7374.52,buy,970.0,
44398472,71589898,1586217896653,0,7376.5,BTC-PERPETUAL,7374.7,sell,970.0,
44398473,71589899,1586217896653,1,7376.5,BTC-PERPETUAL,7374.7,sell,1800.0,
44398474,71589900,1586217896653,1,7376.5,BTC-PERPETUAL,7374.7,sell,3600.0,
44398475,71589901,1586217896653,1,7376.5,BTC-PERPETUAL,7374.7,sell,420.0,
44398476,71589902,1586217896683,1,7376.5,BTC-PERPETUAL,7375.38,sell,1580.0,
44398477,71589903,1586217896683,1,7376.5,BTC-PERPETUAL,7375.38,sell,930.0,
44398478,71589904,1586217896686,1,7376.5,BTC-PERPETUAL,7375.38,sell,2560.0,
44398479,71589905,1586217896699,1,7376.5,BTC-PERPETUAL,7375.38,sell,2400.0,
44398480,71589906,1586217896707,1,7376.5,BTC-PERPETUAL,7375.38,sell,10640.0,
44398481,71589908,1586217896731,2,7375.5,BTC-PERPETUAL,7375.38,sell,90.0,
44398482,71589909,1586217897433,2,7374.0,BTC-PERPETUAL,7375.38,sell,10.0,
44398483,71589910,1586217899162,2,7372.0,BTC-PERPETUAL,7371.86,sell,30.0,
44398484,71589911,1586217899162,3,7372.0,BTC-PERPETUAL,7371.86,sell,20.0,
44398485,71589912,1586217899162,3,7372.0,BTC-PERPETUAL,7371.86,sell,70.0,
44398486,71589913,1586217899162,3,7372.0,BTC-PERPETUAL,7371.86,sell,1000.0,
44398487,71589914,1586217899162,2,7370.0,BTC-PERPETUAL,7371.86,sell,10.0,
44398488,71589915,1586217899162,3,7370.0,BTC-PERPETUAL,7371.86,sell,250.0,
44398489,71589916,1586217899162,3,7370.0,BTC-PERPETUAL,7371.86,sell,4620.0,
44398490,71589917,1586217902914,0,7372.5,BTC-PERPETUAL,7371.72,sell,220.0,
44398491,71589918,1586217902914,1,7372.5,BTC-PERPETUAL,7371.72,sell,220.0,
44398492,71589919,1586217902914,1,7372.5,BTC-PERPETUAL,7371.72,sell,1200.0,
44398493,71589922,1586217903990,2,7371.5,BTC-PERPETUAL,7370.99,sell,200.0,
44398494,71589923,1586217903990,2,7370.0,BTC-PERPETUAL,7370.99,sell,400.0,
44398495,71589924,1586217904550,0,7370.5,BTC-PERPETUAL,7370.99,buy,50.0,
44398496,71589927,1586217913166,2,7370.0,BTC-PERPETUAL,7370.26,sell,1380.0,
44398497,71589928,1586217913166,3,7370.0,BTC-PERPETUAL,7370.26,sell,50.0,
44398498,71589929,1586217913166,3,7370.0,BTC-PERPETUAL,7370.26,sell,840.0,
44398499,71589930,1586217913166,3,7370.0,BTC-PERPETUAL,7370.26,sell,220.0,
44398500,71589931,1586217913167,2,7369.0,BTC-PERPETUAL,7370.26,sell,830.0,
44398501,71589932,1586217913167,2,7368.5,BTC-PERPETUAL,7370.26,sell,120.0,
44398502,71589933,1586217913167,3,7368.5,BTC-PERPETUAL,7370.26,sell,400.0,
44398503,71589934,1586217913218,3,7368.5,BTC-PERPETUAL,7370.26,sell,430.0,
44398504,71589936,1586217913265,2,7368.0,BTC-PERPETUAL,7370.26,sell,200.0,
44398505,71589938,1586217913289,2,7367.5,BTC-PERPETUAL,7370.26,sell,10.0,
44398506,71589939,1586217913289,2,7367.0,BTC-PERPETUAL,7370.26,sell,5000.0,
44398507,71589940,1586217913289,2,7366.5,BTC-PERPETUAL,7370.26,sell,2960.0,
44398508,71589941,1586217913298,0,7367.0,BTC-PERPETUAL,7370.26,sell,10.0,
44398509,71589942,1586217913298,2,7366.5,BTC-PERPETUAL,7370.26,sell,3080.0,
44398510,71589944,1586217913326,3,7366.5,BTC-PERPETUAL,7370.26,sell,2100.0,
44398511,71589945,1586217913402,2,7365.5,BTC-PERPETUAL,7370.26,sell,10.0,
44398512,71589946,1586217913402,3,7365.5,BTC-PERPETUAL,7370.26,sell,140.0,
44398513,71589947,1586217913402,3,7365.5,BTC-PERPETUAL,7370.26,sell,6370.0,
44398514,71589948,1586217913422,3,7365.5,BTC-PERPETUAL,7370.26,sell,4060.0,
44398515,71589949,1586217913422,3,7365.5,BTC-PERPETUAL,7370.26,sell,20.0,
44398516,71589950,1586217913422,3,7365.5,BTC-PERPETUAL,7370.26,sell,10.0,
44398517,71589951,1586217913544,2,7365.0,BTC-PERPETUAL,7370.26,sell,60.0,
44398518,71589952,1586217913544,3,7365.0,BTC-PERPETUAL,7370.26,sell,2440.0,
44398519,71589953,1586217913552,3,7365.0,BTC-PERPETUAL,7370.26,sell,15300.0,
44398520,71589954,1586217913552,3,7365.0,BTC-PERPETUAL,7370.26,sell,460.0,
44398521,71589955,1586217913708,2,7364.5,BTC-PERPETUAL,7370.26,sell,210.0,
44398522,71589956,1586217913708,3,7364.5,BTC-PERPETUAL,7370.26,sell,10.0,
44398523,71589957,1586217913708,3,7364.5,BTC-PERPETUAL,7370.26,sell,7140.0,
44398524,71589958,1586217913760,3,7364.5,BTC-PERPETUAL,7370.26,sell,220.0,
44398525,71589959,1586217913808,3,7364.5,BTC-PERPETUAL,7370.26,sell,350.0,
44398526,71589960,1586217913808,3,7364.5,BTC-PERPETUAL,7370.26,sell,460.0,
