trade_id,timestamp,tick_direction,price,instrument_name,index_price,direction,amount
55442821,1577836803302,3,7169.5,BTC-PERPETUAL,7168.14,sell,360.0
55442822,1577836804789,3,7169.5,BTC-PERPETUAL,7168.23,sell,350.0
55442823,1577836810906,3,7169.5,BTC-PERPETUAL,7167.69,sell,1130.0
55442824,1577836824801,3,7169.5,BTC-PERPETUAL,7166.46,sell,100.0
55442825,1577836824801,3,7169.5,BTC-PERPETUAL,7166.46,sell,900.0
55442826,1577836827213,3,7169.5,BTC-PERPETUAL,7166.55,sell,230.0
55442827,1577836827213,3,7169.5,BTC-PERPETUAL,7166.55,sell,90.0
55442828,1577836827213,3,7169.5,BTC-PERPETUAL,7166.55,sell,2050.0
55442829,1577836827213,3,7169.5,BTC-PERPETUAL,7166.55,sell,90.0
55442830,1577836827213,3,7169.5,BTC-PERPETUAL,7166.55,sell,40.0
55442831,1577836827390,3,7169.5,BTC-PERPETUAL,7166.55,sell,120.0
55442832,1577836827390,3,7169.5,BTC-PERPETUAL,7166.55,sell,160.0
55442833,1577836827390,3,7169.5,BTC-PERPETUAL,7166.55,sell,180.0
55442834,1577836827390,3,7169.5,BTC-PERPETUAL,7166.55,sell,390.0
55442835,1577836827390,3,7169.5,BTC-PERPETUAL,7166.55,sell,190.0
55442836,1577836827390,3,7169.5,BTC-PERPETUAL,7166.55,sell,320.0
55442837,1577836827390,3,7169.5,BTC-PERPETUAL,7166.55,sell,150.0
55442838,1577836827390,3,7169.5,BTC-PERPETUAL,7166.55,sell,450.0
55442839,1577836827390,3,7169.5,BTC-PERPETUAL,7166.55,sell,40.0
55442840,1577836827390,3,7169.5,BTC-PERPETUAL,7166.55,sell,50.0
55442841,1577836827390,3,7169.5,BTC-PERPETUAL,7166.55,sell,10.0
55442842,1577836827390,3,7169.5,BTC-PERPETUAL,7166.55,sell,440.0
55442845,1577836828804,3,7169.5,BTC-PERPETUAL,7166.44,sell,120.0
55442846,1577836828804,3,7169.5,BTC-PERPETUAL,7166.44,sell,170.0
55442847,1577836828804,3,7169.5,BTC-PERPETUAL,7166.44,sell,40.0
55442848,1577836828804,3,7169.5,BTC-PERPETUAL,7166.44,sell,620.0
55442849,1577836830047,3,7169.5,BTC-PERPETUAL,7166.35,sell,640.0
55442850,1577836830060,3,7169.5,BTC-PERPETUAL,7166.35,sell,740.0
55442851,1577836830060,2,7169.0,BTC-PERPETUAL,7166.35,sell,640.0
55442852,1577836830100,3,7169.0,BTC-PERPETUAL,7166.35,sell,490.0
55442853,1577836830100,3,7169.0,BTC-PERPETUAL,7166.35,sell,10.0
55442854,1577836830100,3,7169.0,BTC-PERPETUAL,7166.35,sell,80.0
55442855,1577836830100,2,7168.5,BTC-PERPETUAL,7166.35,sell,40.0
55442856,1577836830100,3,7168.5,BTC-PERPETUAL,7166.35,sell,760.0
55442857,1577836830120,3,7168.5,BTC-PERPETUAL,7166.35,sell,370.0
55442858,1577836830120,3,7168.5,BTC-PERPETUAL,7166.35,sell,100.0
55442859,1577836830120,2,7168.0,BTC-PERPETUAL,7166.35,sell,2030.0
55442861,1577836830132,3,7168.0,BTC-PERPETUAL,7166.35,sell,170.0
55442862,1577836830132,3,7168.0,BTC-PERPETUAL,7166.35,sell,830.0
55442863,1577836830149,3,7168.0,BTC-PERPETUAL,7166.35,sell,300.0
55442864,1577836830149,3,7168.0,BTC-PERPETUAL,7166.35,sell,280.0
55442865,1577836830155,3,7168.0,BTC-PERPETUAL,7166.35,sell,740.0
55442866,1577836830157,3,7168.0,BTC-PERPETUAL,7166.35,sell,110.0
55442867,1577836830157,3,7168.0,BTC-PERPETUAL,7166.35,sell,10.0
55442868,1577836830157,2,7167.5,BTC-PERPETUAL,7166.35,sell,20.0
55442869,1577836830157,3,7167.5,BTC-PERPETUAL,7166.35,sell,390.0
55442870,1577836830161,3,7167.5,BTC-PERPETUAL,7166.35,sell,40.0
55442872,1577836830205,3,7167.5,BTC-PERPETUAL,7166.35,sell,420.0
55442876,1577836830470,3,7167.5,BTC-PERPETUAL,7166.35,sell,280.0
55442877,1577836830470,3,7167.5,BTC-PERPETUAL,7166.35,sell,100.0
55442878,1577836830470,3,7167.5,BTC-PERPETUAL,7166.35,sell,90.0
55442879,1577836830470,3,7167.5,BTC-PERPETUAL,7166.35,sell,90.0
55442880,1577836830470,3,7167.5,BTC-PERPETUAL,7166.35,sell,160.0
55442881,1577836830470,3,7167.5,BTC-PERPETUAL,7166.35,sell,320.0
55442882,1577836830470,3,7167.5,BTC-PERPETUAL,7166.35,sell,150.0
55442883,1577836830470,3,7167.5,BTC-PERPETUAL,7166.35,sell,390.0
55442884,1577836830470,3,7167.5,BTC-PERPETUAL,7166.35,sell,190.0
55442885,1577836830470,3,7167.5,BTC-PERPETUAL,7166.35,sell,450.0
55442886,1577836830470,3,7167.5,BTC-PERPETUAL,7166.35,sell,40.0
55442887,1577836830470,3,7167.5,BTC-PERPETUAL,7166.35,sell,100.0
55442888,1577836830470,3,7167.5,BTC-PERPETUAL,7166.35,sell,160.0
55442889,1577836830470,2,7167.0,BTC-PERPETUAL,7166.35,sell,10.0
55442890,1577836830470,3,7167.0,BTC-PERPETUAL,7166.35,sell,50.0
55442891,1577836830470,3,7167.0,BTC-PERPETUAL,7166.35,sell,50.0
55442892,1577836830470,3,7167.0,BTC-PERPETUAL,7166.35,sell,10.0
55442893,1577836830470,3,7167.0,BTC-PERPETUAL,7166.35,sell,10.0
55442894,1577836830470,3,7167.0,BTC-PERPETUAL,7166.35,sell,1130.0
55442895,1577836830470,3,7167.0,BTC-PERPETUAL,7166.35,sell,120.0
55442896,1577836830470,3,7167.0,BTC-PERPETUAL,7166.35,sell,80.0
55442897,1577836830470,3,7167.0,BTC-PERPETUAL,7166.35,sell,100.0
55442898,1577836830470,3,7167.0,BTC-PERPETUAL,7166.35,sell,100.0
55442899,1577836830470,2,7166.5,BTC-PERPETUAL,7166.35,sell,100.0
55442900,1577836830470,3,7166.5,BTC-PERPETUAL,7166.35,sell,10.0
55442901,1577836830470,3,7166.5,BTC-PERPETUAL,7166.35,sell,20.0
55442902,1577836830470,3,7166.5,BTC-PERPETUAL,7166.35,sell,10.0
55442903,1577836830470,3,7166.5,BTC-PERPETUAL,7166.35,sell,20.0
55442904,1577836830470,3,7166.5,BTC-PERPETUAL,7166.35,sell,20.0
55442905,1577836830470,3,7166.5,BTC-PERPETUAL,7166.35,sell,20.0
55442906,1577836830470,3,7166.5,BTC-PERPETUAL,7166.35,sell,10.0
55442907,1577836830470,3,7166.5,BTC-PERPETUAL,7166.35,sell,1130.0
55442908,1577836830470,3,7166.5,BTC-PERPETUAL,7166.35,sell,100.0
55442909,1577836830470,3,7166.5,BTC-PERPETUAL,7166.35,sell,100.0
55442910,1577836830470,3,7166.5,BTC-PERPETUAL,7166.35,sell,280.0
55442912,1577836830666,3,7166.5,BTC-PERPETUAL,7166.35,sell,100.0
55442913,1577836830666,3,7166.5,BTC-PERPETUAL,7166.35,sell,100.0
55442914,1577836830666,3,7166.5,BTC-PERPETUAL,7166.35,sell,100.0
55442915,1577836830666,3,7166.5,BTC-PERPETUAL,7166.35,sell,100.0
55442916,1577836830666,2,7166.0,BTC-PERPETUAL,7166.35,sell,10.0
55442917,1577836830666,3,7166.0,BTC-PERPETUAL,7166.35,sell,80.0
55442918,1577836830666,3,7166.0,BTC-PERPETUAL,7166.35,sell,10.0
55442919,1577836830666,3,7166.0,BTC-PERPETUAL,7166.35,sell,10.0
55442920,1577836830666,3,7166.0,BTC-PERPETUAL,7166.35,sell,30.0
55442921,1577836830666,3,7166.0,BTC-PERPETUAL,7166.35,sell,530.0
55442922,1577836832916,3,7166.0,BTC-PERPETUAL,7164.54,sell,600.0
55442923,1577836832916,2,7165.5,BTC-PERPETUAL,7164.54,sell,1130.0
55442924,1577836832916,3,7165.5,BTC-PERPETUAL,7164.54,sell,10.0
55442925,1577836832916,3,7165.5,BTC-PERPETUAL,7164.54,sell,90.0
55442926,1577836832916,3,7165.5,BTC-PERPETUAL,7164.54,sell,90.0
55442927,1577836832916,3,7165.5,BTC-PERPETUAL,7164.54,sell,80.0
55442928,1577836832928,3,7165.5,BTC-PERPETUAL,7164.54,sell,80.0
55442929,1577836832928,3,7165.5,BTC-PERPETUAL,7164.54,sell,390.0
55442930,1577836832928,3,7165.5,BTC-PERPETUAL,7164.54,sell,150.0
55442931,1577836832928,3,7165.5,BTC-PERPETUAL,7164.54,sell,320.0
55442932,1577836832928,3,7165.5,BTC-PERPETUAL,7164.54,sell,190.0
55442933,1577836832928,3,7165.5,BTC-PERPETUAL,7164.54,sell,450.0
55442934,1577836832928,3,7165.5,BTC-PERPETUAL,7164.54,sell,40.0
55442935,1577836832928,2,7165.0,BTC-PERPETUAL,7164.54,sell,50.0
55442936,1577836832928,3,7165.0,BTC-PERPETUAL,7164.54,sell,50.0
55442937,1577836832928,3,7165.0,BTC-PERPETUAL,7164.54,sell,540.0
55442938,1577836832928,3,7165.0,BTC-PERPETUAL,7164.54,sell,30.0
55442939,1577836832928,3,7165.0,BTC-PERPETUAL,7164.54,sell,2800.0
55442940,1577836832928,3,7165.0,BTC-PERPETUAL,7164.54,sell,1130.0
55442941,1577836832928,3,7165.0,BTC-PERPETUAL,7164.54,sell,100.0
55442942,1577836832928,3,7165.0,BTC-PERPETUAL,7164.54,sell,80.0
55442943,1577836832928,2,7164.5,BTC-PERPETUAL,7164.54,sell,10.0
55442944,1577836832928,3,7164.5,BTC-PERPETUAL,7164.54,sell,270.0
55442945,1577836832928,3,7164.5,BTC-PERPETUAL,7164.54,sell,300.0
55442946,1577836832928,2,7164.0,BTC-PERPETUAL,7164.54,sell,170.0
55442948,1577836833069,3,7164.0,BTC-PERPETUAL,7164.29,sell,260.0
55442949,1577836833069,3,7164.0,BTC-PERPETUAL,7164.29,sell,10.0
55442950,1577836833069,3,7164.0,BTC-PERPETUAL,7164.29,sell,10.0
55442951,1577836833069,3,7164.0,BTC-PERPETUAL,7164.29,sell,20.0
55442952,1577836833069,3,7164.0,BTC-PERPETUAL,7164.29,sell,20.0
55442953,1577836833069,3,7164.0,BTC-PERPETUAL,7164.29,sell,50.0
55442954,1577836833069,3,7164.0,BTC-PERPETUAL,7164.29,sell,50.0
55442955,1577836833069,3,7164.0,BTC-PERPETUAL,7164.29,sell,50.0
55442956,1577836833069,3,7164.0,BTC-PERPETUAL,7164.29,sell,50.0
55442957,1577836833069,3,7164.0,BTC-PERPETUAL,7164.29,sell,430.0
55442958,1577836835608,3,7164.0,BTC-PERPETUAL,7163.91,sell,2570.0
55442959,1577836835608,3,7164.0,BTC-PERPETUAL,7163.91,sell,1000.0
55442960,1577836835608,3,7164.0,BTC-PERPETUAL,7163.91,sell,1130.0
55442961,1577836835608,3,7164.0,BTC-PERPETUAL,7163.91,sell,100.0
55442962,1577836835608,3,7164.0,BTC-PERPETUAL,7163.91,sell,3740.0
55442963,1577836835608,2,7163.5,BTC-PERPETUAL,7163.91,sell,50.0
55442964,1577836835608,3,7163.5,BTC-PERPETUAL,7163.91,sell,50.0
55442965,1577836835608,3,7163.5,BTC-PERPETUAL,7163.91,sell,90.0
55442966,1577836835608,3,7163.5,BTC-PERPETUAL,7163.91,sell,90.0
55442967,1577836835608,3,7163.5,BTC-PERPETUAL,7163.91,sell,160.0
55442968,1577836835608,3,7163.5,BTC-PERPETUAL,7163.91,sell,390.0
55442969,1577836835608,3,7163.5,BTC-PERPETUAL,7163.91,sell,150.0
55442970,1577836835608,3,7163.5,BTC-PERPETUAL,7163.91,sell,320.0
55442971,1577836835608,3,7163.5,BTC-PERPETUAL,7163.91,sell,190.0
55442972,1577836835608,3,7163.5,BTC-PERPETUAL,7163.91,sell,450.0
55442973,1577836835608,3,7163.5,BTC-PERPETUAL,7163.91,sell,40.0
55442974,1577836835608,3,7163.5,BTC-PERPETUAL,7163.91,sell,10.0
55442975,1577836835608,2,7163.0,BTC-PERPETUAL,7163.91,sell,90.0
55442976,1577836835608,3,7163.0,BTC-PERPETUAL,7163.91,sell,1130.0
55442977,1577836835608,3,7163.0,BTC-PERPETUAL,7163.91,sell,80.0
55442978,1577836835608,3,7163.0,BTC-PERPETUAL,7163.91,sell,40.0
55442979,1577836835608,3,7163.0,BTC-PERPETUAL,7163.91,sell,2200.0
55442980,1577836835608,3,7163.0,BTC-PERPETUAL,7163.91,sell,100.0
55442981,1577836835608,2,7162.5,BTC-PERPETUAL,7163.91,sell,40.0
55442982,1577836835608,3,7162.5,BTC-PERPETUAL,7163.91,sell,10.0
55442983,1577836835608,3,7162.5,BTC-PERPETUAL,7163.91,sell,40.0
55442984,1577836835608,3,7162.5,BTC-PERPETUAL,7163.91,sell,12940.0
55442985,1577836835608,2,7162.0,BTC-PERPETUAL,7163.91,sell,10.0
55442986,1577836835608,3,7162.0,BTC-PERPETUAL,7163.91,sell,250.0
55442987,1577836835608,3,7162.0,BTC-PERPETUAL,7163.91,sell,250.0
55442988,1577836835608,3,7162.0,BTC-PERPETUAL,7163.91,sell,350.0
55442989,1577836835608,3,7162.0,BTC-PERPETUAL,7163.91,sell,350.0
55442990,1577836835608,3,7162.0,BTC-PERPETUAL,7163.91,sell,1130.0
55442991,1577836835608,3,7162.0,BTC-PERPETUAL,7163.91,sell,120.0
55442992,1577836835608,3,7162.0,BTC-PERPETUAL,7163.91,sell,100.0
55442993,1577836835608,3,7162.0,BTC-PERPETUAL,7163.91,sell,30.0
55442994,1577836835608,3,7162.0,BTC-PERPETUAL,7163.91,sell,100.0
55442995,1577836835608,2,7161.5,BTC-PERPETUAL,7163.91,sell,10.0
55442996,1577836835608,3,7161.5,BTC-PERPETUAL,7163.91,sell,50.0
55442997,1577836835608,3,7161.5,BTC-PERPETUAL,7163.91,sell,50.0
55442998,1577836835608,3,7161.5,BTC-PERPETUAL,7163.91,sell,90.0
55442999,1577836835608,3,7161.5,BTC-PERPETUAL,7163.91,sell,90.0
55443000,1577836835608,3,7161.5,BTC-PERPETUAL,7163.91,sell,160.0
55443001,1577836835608,3,7161.5,BTC-PERPETUAL,7163.91,sell,390.0
55443002,1577836835608,3,7161.5,BTC-PERPETUAL,7163.91,sell,320.0
55443003,1577836835608,3,7161.5,BTC-PERPETUAL,7163.91,sell,150.0
55443004,1577836835608,3,7161.5,BTC-PERPETUAL,7163.91,sell,190.0
55443005,1577836835608,3,7161.5,BTC-PERPETUAL,7163.91,sell,450.0
55443006,1577836835608,3,7161.5,BTC-PERPETUAL,7163.91,sell,40.0
55443007,1577836835608,3,7161.5,BTC-PERPETUAL,7163.91,sell,10.0
55443008,1577836835608,3,7161.5,BTC-PERPETUAL,7163.91,sell,100.0
55443009,1577836835608,3,7161.5,BTC-PERPETUAL,7163.91,sell,100.0
55443010,1577836835608,3,7161.5,BTC-PERPETUAL,7163.91,sell,3710.0
55443011,1577836835643,0,7164.0,BTC-PERPETUAL,7163.91,sell,480.0
55443012,1577836835643,2,7162.0,BTC-PERPETUAL,7163.91,sell,1520.0
55443013,1577836835776,0,7162.5,BTC-PERPETUAL,7163.91,buy,140.0
55443014,1577836836790,1,7162.5,BTC-PERPETUAL,7163.43,buy,140.0
55443017,1577836844868,2,7162.0,BTC-PERPETUAL,7162.24,sell,930.0
55443018,1577836844868,3,7162.0,BTC-PERPETUAL,7162.24,sell,2000.0
55443019,1577836844868,3,7162.0,BTC-PERPETUAL,7162.24,sell,110.0
55443022,1577836848530,3,7162.0,BTC-PERPETUAL,7162.11,sell,1010.0
55443023,1577836848801,3,7162.0,BTC-PERPETUAL,7162.11,sell,1000.0
55443024,1577836851705,3,7162.0,BTC-PERPETUAL,7161.93,sell,950.0
55443025,1577836852305,3,7162.0,BTC-PERPETUAL,7161.96,sell,7040.0
55443026,1577836852305,3,7162.0,BTC-PERPETUAL,7161.96,sell,200.0
55443027,1577836852305,3,7162.0,BTC-PERPETUAL,7161.96,sell,1130.0
55443028,1577836852305,3,7162.0,BTC-PERPETUAL,7161.96,sell,5230.0
55443029,1577836852305,3,7162.0,BTC-PERPETUAL,7161.96,sell,57890.0
55443030,1577836853643,3,7162.0,BTC-PERPETUAL,7161.96,sell,2500.0
55443033,1577836859237,3,7162.0,BTC-PERPETUAL,7162.36,sell,250.0
55443034,1577836861703,3,7162.0,BTC-PERPETUAL,7162.62,sell,250.0
55443035,1577836863370,3,7162.0,BTC-PERPETUAL,7162.43,sell,250.0
55443036,1577836863507,3,7162.0,BTC-PERPETUAL,7162.43,sell,790.0
55443037,1577836863507,2,7161.5,BTC-PERPETUAL,7162.43,sell,10.0
55443038,1577836863507,2,7161.0,BTC-PERPETUAL,7162.43,sell,20.0
55443039,1577836863507,3,7161.0,BTC-PERPETUAL,7162.43,sell,180.0
55443040,1577836863522,3,7161.0,BTC-PERPETUAL,7162.43,sell,1000.0
55443041,1577836863525,3,7161.0,BTC-PERPETUAL,7162.43,sell,820.0
55443042,1577836863525,3,7161.0,BTC-PERPETUAL,7162.43,sell,1130.0
55443043,1577836863525,3,7161.0,BTC-PERPETUAL,7162.43,sell,4050.0
55443044,1577836863525,3,7161.0,BTC-PERPETUAL,7162.43,sell,2200.0
55443045,1577836863525,3,7161.0,BTC-PERPETUAL,7162.43,sell,6000.0
55443046,1577836863525,3,7161.0,BTC-PERPETUAL,7162.43,sell,5800.0
55443049,1577836864891,2,7160.5,BTC-PERPETUAL,7162.31,sell,70.0
55443050,1577836864891,3,7160.5,BTC-PERPETUAL,7162.31,sell,70.0
55443051,1577836864891,3,7160.5,BTC-PERPETUAL,7162.31,sell,30.0
55443052,1577836864891,3,7160.5,BTC-PERPETUAL,7162.31,sell,80.0
55443053,1577836868238,3,7160.5,BTC-PERPETUAL,7162.26,sell,250.0
55443054,1577836869735,3,7160.5,BTC-PERPETUAL,7162.24,sell,250.0
55443055,1577836871002,3,7160.5,BTC-PERPETUAL,7162.33,sell,250.0
55443056,1577836872324,3,7160.5,BTC-PERPETUAL,7162.88,sell,250.0
55443057,1577836874918,0,7161.0,BTC-PERPETUAL,7162.83,buy,1000.0
55443058,1577836874918,1,7161.0,BTC-PERPETUAL,7162.83,buy,2000.0
55443059,1577836874918,1,7161.0,BTC-PERPETUAL,7162.83,buy,1050.0
55443060,1577836874918,1,7161.0,BTC-PERPETUAL,7162.83,buy,10.0
55443061,1577836874918,1,7161.0,BTC-PERPETUAL,7162.83,buy,440.0
55443062,1577836874918,1,7161.0,BTC-PERPETUAL,7162.83,buy,10.0
55443063,1577836874918,0,7161.5,BTC-PERPETUAL,7162.83,buy,500.0
55443064,1577836874918,1,7161.5,BTC-PERPETUAL,7162.83,buy,1000.0
55443065,1577836874918,1,7161.5,BTC-PERPETUAL,7162.83,buy,1000.0
55443066,1577836874918,0,7162.0,BTC-PERPETUAL,7162.83,buy,500.0
55443067,1577836874918,1,7162.0,BTC-PERPETUAL,7162.83,buy,1000.0
55443068,1577836874918,1,7162.0,BTC-PERPETUAL,7162.83,buy,100.0
55443069,1577836874918,0,7162.5,BTC-PERPETUAL,7162.83,buy,100.0
55443070,1577836874918,1,7162.5,BTC-PERPETUAL,7162.83,buy,70.0
55443071,1577836874918,1,7162.5,BTC-PERPETUAL,7162.83,buy,300.0
55443072,1577836874918,1,7162.5,BTC-PERPETUAL,7162.83,buy,20.0
55443073,1577836874918,1,7162.5,BTC-PERPETUAL,7162.83,buy,8470.0
55443074,1577836877135,2,7160.5,BTC-PERPETUAL,7162.98,sell,50.0
55443075,1577836877135,3,7160.5,BTC-PERPETUAL,7162.98,sell,1950.0
55443076,1577836880320,0,7161.0,BTC-PERPETUAL,7163.17,buy,100.0
55443077,1577836880320,1,7161.0,BTC-PERPETUAL,7163.17,buy,10000.0
55443078,1577836880320,1,7161.0,BTC-PERPETUAL,7163.17,buy,410.0
55443079,1577836880320,0,7162.5,BTC-PERPETUAL,7163.17,buy,30.0
55443080,1577836880320,0,7163.0,BTC-PERPETUAL,7163.17,buy,8210.0
55443081,1577836889477,2,7161.0,BTC-PERPETUAL,7162.88,buy,100.0
55443082,1577836889477,3,7161.0,BTC-PERPETUAL,7162.88,buy,40.0
55443083,1577836892328,2,7160.5,BTC-PERPETUAL,7163.01,sell,7160.0
55443089,1577836951914,0,7161.0,BTC-PERPETUAL,7161.02,buy,370.0
55443090,1577836951914,1,7161.0,BTC-PERPETUAL,7161.02,buy,100.0
55443091,1577836951914,1,7161.0,BTC-PERPETUAL,7161.02,buy,2920.0
55443092,1577836951914,1,7161.0,BTC-PERPETUAL,7161.02,buy,3760.0
55443093,1577836972028,2,7160.5,BTC-PERPETUAL,7160.97,sell,320.0
55443094,1577836976553,3,7160.5,BTC-PERPETUAL,7160.52,sell,230.0
55443095,1577836985584,0,7161.0,BTC-PERPETUAL,7161.02,buy,8610.0
55443096,1577836987182,1,7161.0,BTC-PERPETUAL,7161.05,buy,10.0
55443097,1577836987182,1,7161.0,BTC-PERPETUAL,7161.05,buy,100.0
55443098,1577836987182,1,7161.0,BTC-PERPETUAL,7161.05,buy,4000.0
55443099,1577836987182,1,7161.0,BTC-PERPETUAL,7161.05,buy,100.0
55443100,1577836987182,1,7161.0,BTC-PERPETUAL,7161.05,buy,410.0
55443101,1577836987182,1,7161.0,BTC-PERPETUAL,7161.05,buy,70.0
55443102,1577836987182,1,7161.0,BTC-PERPETUAL,7161.05,buy,5000.0
55443103,1577836987182,1,7161.0,BTC-PERPETUAL,7161.05,buy,2000.0
55443104,1577836987182,1,7161.0,BTC-PERPETUAL,7161.05,buy,20.0
55443105,1577836987182,1,7161.0,BTC-PERPETUAL,7161.05,buy,2390.0
55443106,1577836987182,1,7161.0,BTC-PERPETUAL,7161.05,buy,6900.0
55443108,1577836992572,1,7161.0,BTC-PERPETUAL,7161.14,buy,100.0
55443109,1577836992572,1,7161.0,BTC-PERPETUAL,7161.14,buy,410.0
55443110,1577836994390,1,7161.0,BTC-PERPETUAL,7161.14,sell,20.0
55443111,1577837009339,0,7161.5,BTC-PERPETUAL,7162.23,buy,13500.0
55443114,1577837009458,1,7161.5,BTC-PERPETUAL,7162.23,buy,2400.0
55443115,1577837014513,1,7161.5,BTC-PERPETUAL,7162.6,buy,100.0
55443116,1577837014513,1,7161.5,BTC-PERPETUAL,7162.6,buy,100.0
55443117,1577837014513,1,7161.5,BTC-PERPETUAL,7162.6,buy,34300.0
55443118,1577837014524,1,7161.5,BTC-PERPETUAL,7162.6,buy,40.0
55443119,1577837023960,0,7162.0,BTC-PERPETUAL,7162.36,buy,5000.0
55443120,1577837023960,1,7162.0,BTC-PERPETUAL,7162.36,buy,53880.0
55443121,1577837023960,1,7162.0,BTC-PERPETUAL,7162.36,buy,100.0
55443122,1577837023960,0,7162.5,BTC-PERPETUAL,7162.36,buy,1020.0
55443125,1577837032059,1,7162.5,BTC-PERPETUAL,7163.18,buy,6140.0
55443126,1577837032059,1,7162.5,BTC-PERPETUAL,7163.18,buy,100.0
55443127,1577837032059,0,7163.0,BTC-PERPETUAL,7163.18,buy,1000.0
55443128,1577837032059,0,7164.0,BTC-PERPETUAL,7163.18,buy,10.0
55443129,1577837032059,1,7164.0,BTC-PERPETUAL,7163.18,buy,10.0
55443130,1577837032059,1,7164.0,BTC-PERPETUAL,7163.18,buy,100.0
55443131,1577837032059,1,7164.0,BTC-PERPETUAL,7163.18,buy,100.0
55443132,1577837032059,1,7164.0,BTC-PERPETUAL,7163.18,buy,100.0
55443133,1577837032059,0,7164.5,BTC-PERPETUAL,7163.18,buy,100.0
55443134,1577837032059,1,7164.5,BTC-PERPETUAL,7163.18,buy,80.0
55443135,1577837032059,1,7164.5,BTC-PERPETUAL,7163.18,buy,100.0
55443136,1577837032059,1,7164.5,BTC-PERPETUAL,7163.18,buy,43380.0
55443137,1577837032059,1,7164.5,BTC-PERPETUAL,7163.18,buy,100.0
55443138,1577837032059,1,7164.5,BTC-PERPETUAL,7163.18,buy,20.0
55443139,1577837032059,0,7165.5,BTC-PERPETUAL,7163.18,buy,10.0
55443140,1577837032059,1,7165.5,BTC-PERPETUAL,7163.18,buy,10.0
55443141,1577837032059,1,7165.5,BTC-PERPETUAL,7163.18,buy,30.0
55443142,1577837032059,1,7165.5,BTC-PERPETUAL,7163.18,buy,100.0
55443143,1577837032059,1,7165.5,BTC-PERPETUAL,7163.18,buy,100.0
55443144,1577837032059,0,7166.0,BTC-PERPETUAL,7163.18,buy,10.0
55443145,1577837032059,1,7166.0,BTC-PERPETUAL,7163.18,buy,90.0
55443146,1577837032059,1,7166.0,BTC-PERPETUAL,7163.18,buy,10.0
55443147,1577837032059,1,7166.0,BTC-PERPETUAL,7163.18,buy,90.0
55443148,1577837032059,0,7166.5,BTC-PERPETUAL,7163.18,buy,10.0
55443149,1577837032059,1,7166.5,BTC-PERPETUAL,7163.18,buy,100.0
55443153,1577837044524,2,7166.0,BTC-PERPETUAL,7161.67,sell,1130.0
55443155,1577837046577,2,7165.5,BTC-PERPETUAL,7161.49,sell,1130.0
55443156,1577837046577,2,7165.0,BTC-PERPETUAL,7161.49,sell,1130.0
55443157,1577837046577,2,7164.0,BTC-PERPETUAL,7161.49,sell,1000.0
55443158,1577837046577,3,7164.0,BTC-PERPETUAL,7161.49,sell,100.0
55443159,1577837046577,3,7164.0,BTC-PERPETUAL,7161.49,sell,10.0
55443160,1577837046577,3,7164.0,BTC-PERPETUAL,7161.49,sell,1130.0
55443161,1577837046577,3,7164.0,BTC-PERPETUAL,7161.49,sell,80.0
55443162,1577837046577,2,7163.5,BTC-PERPETUAL,7161.49,sell,130.0
55443163,1577837046577,3,7163.5,BTC-PERPETUAL,7161.49,sell,100.0
55443164,1577837046577,3,7163.5,BTC-PERPETUAL,7161.49,sell,190.0
55443165,1577837046603,3,7163.5,BTC-PERPETUAL,7161.49,sell,940.0
55443166,1577837046603,3,7163.5,BTC-PERPETUAL,7161.49,sell,1180.0
55443167,1577837046603,3,7163.5,BTC-PERPETUAL,7161.49,sell,1130.0
55443168,1577837046603,3,7163.5,BTC-PERPETUAL,7161.49,sell,100.0
55443169,1577837046603,3,7163.5,BTC-PERPETUAL,7161.49,sell,3990.0
55443170,1577837046603,3,7163.5,BTC-PERPETUAL,7161.49,sell,3980.0
55443171,1577837046603,3,7163.5,BTC-PERPETUAL,7161.49,sell,3440.0
55443172,1577837046603,3,7163.5,BTC-PERPETUAL,7161.49,sell,280.0
55443173,1577837046603,2,7163.0,BTC-PERPETUAL,7161.49,sell,100.0
55443174,1577837046603,3,7163.0,BTC-PERPETUAL,7161.49,sell,100.0
55443175,1577837046603,3,7163.0,BTC-PERPETUAL,7161.49,sell,100.0
55443176,1577837046603,3,7163.0,BTC-PERPETUAL,7161.49,sell,1130.0
55443177,1577837046603,2,7162.5,BTC-PERPETUAL,7161.49,sell,10.0
55443178,1577837046603,3,7162.5,BTC-PERPETUAL,7161.49,sell,1130.0
55443179,1577837046603,3,7162.5,BTC-PERPETUAL,7161.49,sell,1000.0
55443180,1577837046603,3,7162.5,BTC-PERPETUAL,7161.49,sell,100.0
55443181,1577837046603,2,7162.0,BTC-PERPETUAL,7161.49,sell,15000.0
55443182,1577837046603,3,7162.0,BTC-PERPETUAL,7161.49,sell,1130.0
55443183,1577837046603,3,7162.0,BTC-PERPETUAL,7161.49,sell,10.0
55443184,1577837046603,3,7162.0,BTC-PERPETUAL,7161.49,sell,10.0
55443185,1577837046603,3,7162.0,BTC-PERPETUAL,7161.49,sell,10.0
55443186,1577837046603,3,7162.0,BTC-PERPETUAL,7161.49,sell,100.0
55443187,1577837046603,3,7162.0,BTC-PERPETUAL,7161.49,sell,100.0
55443188,1577837046603,3,7162.0,BTC-PERPETUAL,7161.49,sell,100.0
55443189,1577837046603,2,7161.5,BTC-PERPETUAL,7161.49,sell,15000.0
55443190,1577837046603,3,7161.5,BTC-PERPETUAL,7161.49,sell,1130.0
55443191,1577837046603,3,7161.5,BTC-PERPETUAL,7161.49,sell,10.0
55443192,1577837046603,2,7161.0,BTC-PERPETUAL,7161.49,sell,600.0
55443193,1577837046603,3,7161.0,BTC-PERPETUAL,7161.49,sell,15000.0
55443194,1577837046603,3,7161.0,BTC-PERPETUAL,7161.49,sell,8500.0
55443195,1577837046603,3,7161.0,BTC-PERPETUAL,7161.49,sell,10.0
55443196,1577837046603,3,7161.0,BTC-PERPETUAL,7161.49,sell,10.0
55443197,1577837046603,3,7161.0,BTC-PERPETUAL,7161.49,sell,3450.0
55443198,1577837046603,2,7160.5,BTC-PERPETUAL,7161.49,sell,50.0
55443199,1577837046603,3,7160.5,BTC-PERPETUAL,7161.49,sell,50.0
55443200,1577837046603,3,7160.5,BTC-PERPETUAL,7161.49,sell,50.0
55443201,1577837046603,3,7160.5,BTC-PERPETUAL,7161.49,sell,50.0
55443202,1577837046603,3,7160.5,BTC-PERPETUAL,7161.49,sell,10.0
55443203,1577837046603,3,7160.5,BTC-PERPETUAL,7161.49,sell,10.0
55443204,1577837046603,3,7160.5,BTC-PERPETUAL,7161.49,sell,10.0
55443205,1577837046603,3,7160.5,BTC-PERPETUAL,7161.49,sell,10.0
55443206,1577837046603,3,7160.5,BTC-PERPETUAL,7161.49,sell,880.0
55443208,1577837046651,3,7160.5,BTC-PERPETUAL,7161.49,sell,1120.0
55443209,1577837046651,3,7160.5,BTC-PERPETUAL,7161.49,sell,10.0
55443210,1577837046651,3,7160.5,BTC-PERPETUAL,7161.49,sell,200.0
55443211,1577837046651,3,7160.5,BTC-PERPETUAL,7161.49,sell,1130.0
55443212,1577837046651,3,7160.5,BTC-PERPETUAL,7161.49,sell,300.0
55443213,1577837046651,3,7160.5,BTC-PERPETUAL,7161.49,sell,200.0
55443214,1577837046651,3,7160.5,BTC-PERPETUAL,7161.49,sell,80.0
55443215,1577837046651,3,7160.5,BTC-PERPETUAL,7161.49,sell,20.0
55443216,1577837046651,3,7160.5,BTC-PERPETUAL,7161.49,sell,160.0
55443217,1577837046651,3,7160.5,BTC-PERPETUAL,7161.49,sell,100.0
55443218,1577837046651,3,7160.5,BTC-PERPETUAL,7161.49,sell,3850.0
55443219,1577837046692,3,7160.5,BTC-PERPETUAL,7161.49,sell,4620.0
55443220,1577837046692,3,7160.5,BTC-PERPETUAL,7161.49,sell,10.0
55443221,1577837046692,3,7160.5,BTC-PERPETUAL,7161.49,sell,1040.0
55443222,1577837046692,3,7160.5,BTC-PERPETUAL,7161.49,sell,53880.0
55443223,1577837046692,3,7160.5,BTC-PERPETUAL,7161.49,sell,450.0
55443239,1577837116778,2,7160.0,BTC-PERPETUAL,7160.98,sell,90.0
55443240,1577837116778,3,7160.0,BTC-PERPETUAL,7160.98,sell,10.0
55443241,1577837116778,3,7160.0,BTC-PERPETUAL,7160.98,sell,30.0
55443242,1577837116778,3,7160.0,BTC-PERPETUAL,7160.98,sell,870.0
55443245,1577837116785,3,7160.0,BTC-PERPETUAL,7160.98,sell,29130.0
55443246,1577837116785,3,7160.0,BTC-PERPETUAL,7160.98,sell,10.0
55443247,1577837116785,3,7160.0,BTC-PERPETUAL,7160.98,sell,10.0
55443248,1577837116785,3,7160.0,BTC-PERPETUAL,7160.98,sell,10.0
55443249,1577837116785,3,7160.0,BTC-PERPETUAL,7160.98,sell,1130.0
55443250,1577837116785,3,7160.0,BTC-PERPETUAL,7160.98,sell,80.0
55443251,1577837116785,3,7160.0,BTC-PERPETUAL,7160.98,sell,20.0
55443252,1577837116785,3,7160.0,BTC-PERPETUAL,7160.98,sell,5500.0
55443253,1577837116785,3,7160.0,BTC-PERPETUAL,7160.98,sell,2750.0
55443254,1577837116785,3,7160.0,BTC-PERPETUAL,7160.98,sell,2000.0
55443255,1577837116785,3,7160.0,BTC-PERPETUAL,7160.98,sell,4000.0
55443256,1577837116785,3,7160.0,BTC-PERPETUAL,7160.98,sell,10.0
55443257,1577837116788,2,7159.5,BTC-PERPETUAL,7160.98,sell,2400.0
55443258,1577837116788,3,7159.5,BTC-PERPETUAL,7160.98,sell,800.0
55443259,1577837116788,3,7159.5,BTC-PERPETUAL,7160.98,sell,350.0
55443260,1577837116788,3,7159.5,BTC-PERPETUAL,7160.98,sell,450.0
55443261,1577837116788,3,7159.5,BTC-PERPETUAL,7160.98,sell,1130.0
55443262,1577837116788,3,7159.5,BTC-PERPETUAL,7160.98,sell,50.0
55443263,1577837116788,3,7159.5,BTC-PERPETUAL,7160.98,sell,10.0
55443264,1577837116788,3,7159.5,BTC-PERPETUAL,7160.98,sell,30.0
55443265,1577837116788,2,7159.0,BTC-PERPETUAL,7160.98,sell,10.0
55443266,1577837116788,3,7159.0,BTC-PERPETUAL,7160.98,sell,350.0
55443267,1577837116788,3,7159.0,BTC-PERPETUAL,7160.98,sell,300.0
55443268,1577837116788,3,7159.0,BTC-PERPETUAL,7160.98,sell,100.0
55443269,1577837116788,3,7159.0,BTC-PERPETUAL,7160.98,sell,1130.0
55443271,1577837116795,2,7158.5,BTC-PERPETUAL,7160.98,sell,50.0
55443272,1577837116795,3,7158.5,BTC-PERPETUAL,7160.98,sell,50.0
55443273,1577837116795,3,7158.5,BTC-PERPETUAL,7160.98,sell,10.0
55443274,1577837116795,3,7158.5,BTC-PERPETUAL,7160.98,sell,1130.0
55443275,1577837116795,3,7158.5,BTC-PERPETUAL,7160.98,sell,300.0
55443276,1577837116795,3,7158.5,BTC-PERPETUAL,7160.98,sell,200.0
55443277,1577837116795,3,7158.5,BTC-PERPETUAL,7160.98,sell,80.0
55443278,1577837116795,3,7158.5,BTC-PERPETUAL,7160.98,sell,160.0
55443279,1577837116795,3,7158.5,BTC-PERPETUAL,7160.98,sell,100.0
55443280,1577837116795,3,7158.5,BTC-PERPETUAL,7160.98,sell,80.0
55443281,1577837116795,2,7158.0,BTC-PERPETUAL,7160.98,sell,10.0
55443282,1577837116795,3,7158.0,BTC-PERPETUAL,7160.98,sell,20.0
55443283,1577837116795,3,7158.0,BTC-PERPETUAL,7160.98,sell,50.0
55443292,1577837116874,3,7158.0,BTC-PERPETUAL,7160.98,sell,1080.0
55443293,1577837116874,3,7158.0,BTC-PERPETUAL,7160.98,sell,10.0
55443294,1577837116874,3,7158.0,BTC-PERPETUAL,7160.98,sell,100.0
55443295,1577837116874,3,7158.0,BTC-PERPETUAL,7160.98,sell,20.0
55443296,1577837116874,3,7158.0,BTC-PERPETUAL,7160.98,sell,55000.0
55443297,1577837116874,3,7158.0,BTC-PERPETUAL,7160.98,sell,3120.0
55443298,1577837116903,3,7158.0,BTC-PERPETUAL,7160.98,sell,80.0
55443299,1577837116903,3,7158.0,BTC-PERPETUAL,7160.98,sell,870.0
55443301,1577837117345,2,7157.5,BTC-PERPETUAL,7159.08,sell,10.0
55443302,1577837117345,3,7157.5,BTC-PERPETUAL,7159.08,sell,1000.0
55443303,1577837117401,3,7157.5,BTC-PERPETUAL,7159.08,sell,1000.0
55443304,1577837117483,3,7157.5,BTC-PERPETUAL,7159.08,sell,100.0
55443305,1577837117483,3,7157.5,BTC-PERPETUAL,7159.08,sell,100.0
55443306,1577837117483,3,7157.5,BTC-PERPETUAL,7159.08,sell,450.0
55443307,1577837117483,3,7157.5,BTC-PERPETUAL,7159.08,sell,350.0
55443308,1577837117918,3,7157.5,BTC-PERPETUAL,7159.08,sell,780.0
55443309,1577837117918,3,7157.5,BTC-PERPETUAL,7159.08,sell,10.0
55443310,1577837117918,3,7157.5,BTC-PERPETUAL,7159.08,sell,50.0
55443311,1577837117918,3,7157.5,BTC-PERPETUAL,7159.08,sell,100.0
55443312,1577837117918,3,7157.5,BTC-PERPETUAL,7159.08,sell,20.0
55443313,1577837117918,3,7157.5,BTC-PERPETUAL,7159.08,sell,40.0
55443314,1577837117918,2,7157.0,BTC-PERPETUAL,7159.08,sell,100.0
55443315,1577837117918,3,7157.0,BTC-PERPETUAL,7159.08,sell,1130.0
55443316,1577837117918,3,7157.0,BTC-PERPETUAL,7159.08,sell,100.0
55443317,1577837117918,3,7157.0,BTC-PERPETUAL,7159.08,sell,4820.0
55443318,1577837118020,3,7157.0,BTC-PERPETUAL,7156.83,sell,200.0
55443319,1577837119401,3,7157.0,BTC-PERPETUAL,7156.35,sell,850.0
55443320,1577837123219,3,7157.0,BTC-PERPETUAL,7153.21,sell,50.0
55443321,1577837131112,3,7157.0,BTC-PERPETUAL,7154.67,sell,200.0
55443326,1577837139092,0,7157.5,BTC-PERPETUAL,7154.96,buy,2000.0
55443327,1577837143503,2,7157.0,BTC-PERPETUAL,7154.92,sell,500.0
55443328,1577837150665,3,7157.0,BTC-PERPETUAL,7155.01,sell,13400.0
55443329,1577837150665,3,7157.0,BTC-PERPETUAL,7155.01,sell,46600.0
55443330,1577837151235,3,7157.0,BTC-PERPETUAL,7155.01,sell,360.0
55443331,1577837152934,3,7157.0,BTC-PERPETUAL,7155.01,sell,310.0
55443332,1577837169116,0,7157.5,BTC-PERPETUAL,7155.88,buy,100.0
55443333,1577837169116,1,7157.5,BTC-PERPETUAL,7155.88,buy,10.0
55443334,1577837169116,1,7157.5,BTC-PERPETUAL,7155.88,buy,1890.0
55443335,1577837169897,2,7157.0,BTC-PERPETUAL,7155.84,sell,750.0
55443336,1577837174216,3,7157.0,BTC-PERPETUAL,7155.88,sell,200.0
55443337,1577837201739,3,7157.0,BTC-PERPETUAL,7156.78,sell,80.0
55443338,1577837242025,0,7157.5,BTC-PERPETUAL,7157.48,buy,4650.0
55443339,1577837242025,1,7157.5,BTC-PERPETUAL,7157.48,buy,10.0
55443340,1577837242025,1,7157.5,BTC-PERPETUAL,7157.48,buy,10.0
55443341,1577837242025,1,7157.5,BTC-PERPETUAL,7157.48,buy,630.0
55443344,1577837287184,1,7157.5,BTC-PERPETUAL,7158.66,buy,50.0
55443345,1577837287184,1,7157.5,BTC-PERPETUAL,7158.66,buy,70.0
55443346,1577837287184,1,7157.5,BTC-PERPETUAL,7158.66,buy,20.0
55443347,1577837287184,1,7157.5,BTC-PERPETUAL,7158.66,buy,100.0
55443348,1577837287184,1,7157.5,BTC-PERPETUAL,7158.66,buy,100.0
55443349,1577837287184,1,7157.5,BTC-PERPETUAL,7158.66,buy,3360.0
55443350,1577837287925,1,7157.5,BTC-PERPETUAL,7158.66,buy,100.0
55443351,1577837287925,1,7157.5,BTC-PERPETUAL,7158.66,buy,10.0
55443352,1577837287931,1,7157.5,BTC-PERPETUAL,7158.66,buy,100.0
55443353,1577837288259,0,7158.0,BTC-PERPETUAL,7158.7,buy,5000.0
55443358,1577837308744,0,7159.0,BTC-PERPETUAL,7158.74,buy,30.0
55443359,1577837308744,1,7159.0,BTC-PERPETUAL,7158.74,buy,1680.0
55443360,1577837316602,1,7159.0,BTC-PERPETUAL,7158.81,buy,70.0
55443361,1577837328097,1,7159.0,BTC-PERPETUAL,7158.99,buy,3250.0
55443362,1577837328097,1,7159.0,BTC-PERPETUAL,7158.99,buy,100.0
55443363,1577837328097,1,7159.0,BTC-PERPETUAL,7158.99,buy,20.0
55443364,1577837328097,1,7159.0,BTC-PERPETUAL,7158.99,buy,60.0
55443365,1577837328097,0,7159.5,BTC-PERPETUAL,7158.99,buy,80.0
55443366,1577837328097,0,7160.0,BTC-PERPETUAL,7158.99,buy,110.0
55443367,1577837328097,1,7160.0,BTC-PERPETUAL,7158.99,buy,10.0
55443368,1577837328097,1,7160.0,BTC-PERPETUAL,7158.99,buy,10.0
55443369,1577837328097,1,7160.0,BTC-PERPETUAL,7158.99,buy,350.0
55443370,1577837333849,1,7160.0,BTC-PERPETUAL,7158.96,buy,4000.0
55443372,1577837336234,1,7160.0,BTC-PERPETUAL,7159.0,buy,20.0
55443373,1577837339458,1,7160.0,BTC-PERPETUAL,7159.67,buy,630.0
55443374,1577837339458,1,7160.0,BTC-PERPETUAL,7159.67,buy,480.0
55443375,1577837339826,1,7160.0,BTC-PERPETUAL,7159.77,buy,1520.0
55443376,1577837339826,0,7160.5,BTC-PERPETUAL,7159.77,buy,10.0
55443377,1577837339826,1,7160.5,BTC-PERPETUAL,7159.77,buy,10.0
55443378,1577837339826,0,7161.0,BTC-PERPETUAL,7159.77,buy,100.0
55443379,1577837339826,1,7161.0,BTC-PERPETUAL,7159.77,buy,10.0
55443380,1577837339826,1,7161.0,BTC-PERPETUAL,7159.77,buy,100.0
55443381,1577837339826,0,7161.5,BTC-PERPETUAL,7159.77,buy,10.0
55443382,1577837339826,1,7161.5,BTC-PERPETUAL,7159.77,buy,80.0
55443383,1577837339826,1,7161.5,BTC-PERPETUAL,7159.77,buy,100.0
55443384,1577837339826,1,7161.5,BTC-PERPETUAL,7159.77,buy,100.0
55443385,1577837339826,1,7161.5,BTC-PERPETUAL,7159.77,buy,20.0
55443386,1577837339826,0,7162.0,BTC-PERPETUAL,7159.77,buy,10.0
55443387,1577837339826,1,7162.0,BTC-PERPETUAL,7159.77,buy,10.0
55443388,1577837339826,1,7162.0,BTC-PERPETUAL,7159.77,buy,100.0
55443389,1577837340141,1,7162.0,BTC-PERPETUAL,7159.77,buy,100.0
55443390,1577837340141,0,7162.5,BTC-PERPETUAL,7159.77,buy,90.0
55443391,1577837340141,1,7162.5,BTC-PERPETUAL,7159.77,buy,100.0
55443392,1577837340141,1,7162.5,BTC-PERPETUAL,7159.77,buy,100.0
55443393,1577837340141,1,7162.5,BTC-PERPETUAL,7159.77,buy,100.0
55443394,1577837340141,1,7162.5,BTC-PERPETUAL,7159.77,buy,80.0
55443395,1577837340425,0,7163.0,BTC-PERPETUAL,7159.77,buy,480.0
55443396,1577837343247,1,7163.0,BTC-PERPETUAL,7160.59,buy,4520.0
55443397,1577837343247,1,7163.0,BTC-PERPETUAL,7160.59,buy,90.0
55443398,1577837343247,1,7163.0,BTC-PERPETUAL,7160.59,buy,10.0
55443399,1577837343247,1,7163.0,BTC-PERPETUAL,7160.59,buy,100.0
55443400,1577837343247,1,7163.0,BTC-PERPETUAL,7160.59,buy,100.0
55443401,1577837343247,1,7163.0,BTC-PERPETUAL,7160.59,buy,100.0
55443402,1577837343247,1,7163.0,BTC-PERPETUAL,7160.59,buy,47700.0
55443403,1577837343247,1,7163.0,BTC-PERPETUAL,7160.59,buy,100.0
55443404,1577837343247,1,7163.0,BTC-PERPETUAL,7160.59,buy,52400.0
55443405,1577837343247,1,7163.0,BTC-PERPETUAL,7160.59,buy,20.0
55443406,1577837343247,0,7163.5,BTC-PERPETUAL,7160.59,buy,10.0
55443407,1577837343247,0,7164.0,BTC-PERPETUAL,7160.59,buy,10.0
55443408,1577837343247,1,7164.0,BTC-PERPETUAL,7160.59,buy,10.0
55443409,1577837343247,1,7164.0,BTC-PERPETUAL,7160.59,buy,5000.0
55443410,1577837343247,1,7164.0,BTC-PERPETUAL,7160.59,buy,3000.0
55443411,1577837343247,0,7164.5,BTC-PERPETUAL,7160.59,buy,3580.0
55443412,1577837343247,1,7164.5,BTC-PERPETUAL,7160.59,buy,80.0
55443413,1577837343247,1,7164.5,BTC-PERPETUAL,7160.59,buy,53880.0
55443414,1577837343247,0,7165.0,BTC-PERPETUAL,7160.59,buy,5000.0
55443415,1577837343247,1,7165.0,BTC-PERPETUAL,7160.59,buy,370.0
55443416,1577837343247,1,7165.0,BTC-PERPETUAL,7160.59,buy,12940.0
55443417,1577837343247,0,7165.5,BTC-PERPETUAL,7160.59,buy,10.0
55443418,1577837343247,1,7165.5,BTC-PERPETUAL,7160.59,buy,3690.0
55443419,1577837343247,0,7166.0,BTC-PERPETUAL,7160.59,buy,15000.0
55443420,1577837343247,1,7166.0,BTC-PERPETUAL,7160.59,buy,110.0
55443421,1577837343247,1,7166.0,BTC-PERPETUAL,7160.59,buy,10.0
55443422,1577837343247,1,7166.0,BTC-PERPETUAL,7160.59,buy,10.0
55443423,1577837343247,1,7166.0,BTC-PERPETUAL,7160.59,buy,5000.0
55443424,1577837343247,1,7166.0,BTC-PERPETUAL,7160.59,buy,10.0
55443425,1577837343247,1,7166.0,BTC-PERPETUAL,7160.59,buy,8440.0
55443426,1577837343247,1,7166.0,BTC-PERPETUAL,7160.59,buy,100.0
55443427,1577837343247,1,7166.0,BTC-PERPETUAL,7160.59,buy,1000.0
55443428,1577837343247,0,7166.5,BTC-PERPETUAL,7160.59,buy,100.0
55443429,1577837343247,1,7166.5,BTC-PERPETUAL,7160.59,buy,15000.0
55443430,1577837343247,1,7166.5,BTC-PERPETUAL,7160.59,buy,10.0
55443431,1577837343247,0,7167.0,BTC-PERPETUAL,7160.59,buy,10.0
55443432,1577837343247,1,7167.0,BTC-PERPETUAL,7160.59,buy,2000.0
55443433,1577837343247,1,7167.0,BTC-PERPETUAL,7160.59,buy,10.0
55443434,1577837343247,0,7167.5,BTC-PERPETUAL,7160.59,buy,100.0
55443435,1577837343247,1,7167.5,BTC-PERPETUAL,7160.59,buy,100.0
55443436,1577837343247,1,7167.5,BTC-PERPETUAL,7160.59,buy,1360.0
55443437,1577837343247,0,7168.0,BTC-PERPETUAL,7160.59,buy,15000.0
55443438,1577837343247,1,7168.0,BTC-PERPETUAL,7160.59,buy,10.0
55443439,1577837343247,1,7168.0,BTC-PERPETUAL,7160.59,buy,2800.0
55443440,1577837343247,1,7168.0,BTC-PERPETUAL,7160.59,buy,63330.0
55443442,1577837343279,2,7163.0,BTC-PERPETUAL,7160.59,buy,100.0
55443446,1577837343301,0,7167.5,BTC-PERPETUAL,7160.59,buy,1500.0
55443447,1577837343301,0,7168.0,BTC-PERPETUAL,7160.59,buy,2940.0
55443448,1577837343301,1,7168.0,BTC-PERPETUAL,7160.59,buy,310.0
55443449,1577837343301,1,7168.0,BTC-PERPETUAL,7160.59,buy,1000.0
55443450,1577837343301,0,7168.5,BTC-PERPETUAL,7160.59,buy,1410.0
55443451,1577837343317,2,7168.0,BTC-PERPETUAL,7160.59,sell,3990.0
55443452,1577837343317,3,7168.0,BTC-PERPETUAL,7160.59,sell,3990.0
55443453,1577837343317,3,7168.0,BTC-PERPETUAL,7160.59,sell,3990.0
55443454,1577837343317,3,7168.0,BTC-PERPETUAL,7160.59,sell,250.0
55443455,1577837343323,3,7168.0,BTC-PERPETUAL,7160.59,sell,1670.0
55443457,1577837343340,3,7168.0,BTC-PERPETUAL,7160.59,sell,2070.0
55443458,1577837343340,3,7168.0,BTC-PERPETUAL,7160.59,sell,3990.0
55443459,1577837343340,3,7168.0,BTC-PERPETUAL,7160.59,sell,6000.0
55443460,1577837343340,3,7168.0,BTC-PERPETUAL,7160.59,sell,980.0
55443461,1577837358099,3,7168.0,BTC-PERPETUAL,7161.1,sell,80.0
55443462,1577837358099,3,7168.0,BTC-PERPETUAL,7161.1,sell,60.0
55443466,1577837400813,0,7168.5,BTC-PERPETUAL,7163.43,buy,10.0
55443467,1577837400813,1,7168.5,BTC-PERPETUAL,7163.43,buy,80.0
55443468,1577837400813,1,7168.5,BTC-PERPETUAL,7163.43,buy,1910.0
55443470,1577837439617,2,7168.0,BTC-PERPETUAL,7165.74,sell,4000.0
55443472,1577837456203,3,7168.0,BTC-PERPETUAL,7162.08,sell,1720.0
55443473,1577837491507,3,7168.0,BTC-PERPETUAL,7164.52,sell,70.0
55443474,1577837491507,3,7168.0,BTC-PERPETUAL,7164.52,sell,70.0
55443475,1577837506555,2,7167.5,BTC-PERPETUAL,7164.12,sell,3210.0
55443476,1577837506555,3,7167.5,BTC-PERPETUAL,7164.12,sell,2000.0
55443477,1577837506555,3,7167.5,BTC-PERPETUAL,7164.12,sell,8310.0
55443478,1577837506555,3,7167.5,BTC-PERPETUAL,7164.12,sell,128600.0
55443479,1577837506555,3,7167.5,BTC-PERPETUAL,7164.12,sell,10.0
55443480,1577837506555,2,7167.0,BTC-PERPETUAL,7164.12,sell,1000.0
55443481,1577837506555,3,7167.0,BTC-PERPETUAL,7164.12,sell,10.0
55443482,1577837506555,2,7166.5,BTC-PERPETUAL,7164.12,sell,55000.0
55443483,1577837506555,3,7166.5,BTC-PERPETUAL,7164.12,sell,3000.0
55443484,1577837506555,2,7166.0,BTC-PERPETUAL,7164.12,sell,10.0
55443485,1577837506555,3,7166.0,BTC-PERPETUAL,7164.12,sell,1130.0
55443486,1577837506555,3,7166.0,BTC-PERPETUAL,7164.12,sell,100.0
55443487,1577837506555,3,7166.0,BTC-PERPETUAL,7164.12,sell,100.0
55443488,1577837506555,2,7165.5,BTC-PERPETUAL,7164.12,sell,10.0
55443489,1577837506555,3,7165.5,BTC-PERPETUAL,7164.12,sell,100.0
55443490,1577837506555,3,7165.5,BTC-PERPETUAL,7164.12,sell,100.0
55443491,1577837506555,2,7165.0,BTC-PERPETUAL,7164.12,sell,80.0
55443492,1577837506555,3,7165.0,BTC-PERPETUAL,7164.12,sell,3580.0
55443493,1577837506555,3,7165.0,BTC-PERPETUAL,7164.12,sell,1130.0
55443494,1577837506555,3,7165.0,BTC-PERPETUAL,7164.12,sell,100.0
55443495,1577837506555,3,7165.0,BTC-PERPETUAL,7164.12,sell,100.0
55443496,1577837506555,3,7165.0,BTC-PERPETUAL,7164.12,sell,3580.0
55443497,1577837506555,2,7164.5,BTC-PERPETUAL,7164.12,sell,53880.0
55443498,1577837506555,3,7164.5,BTC-PERPETUAL,7164.12,sell,100.0
55443499,1577837506555,3,7164.5,BTC-PERPETUAL,7164.12,sell,1130.0
55443500,1577837506555,3,7164.5,BTC-PERPETUAL,7164.12,sell,14430.0
55443501,1577837506555,3,7164.5,BTC-PERPETUAL,7164.12,sell,3580.0
55443502,1577837506555,3,7164.5,BTC-PERPETUAL,7164.12,sell,100.0
55443503,1577837506555,3,7164.5,BTC-PERPETUAL,7164.12,sell,100.0
55443504,1577837506555,3,7164.5,BTC-PERPETUAL,7164.12,sell,100.0
55443505,1577837506555,3,7164.5,BTC-PERPETUAL,7164.12,sell,100.0
55443506,1577837506555,3,7164.5,BTC-PERPETUAL,7164.12,sell,100.0
55443507,1577837506555,3,7164.5,BTC-PERPETUAL,7164.12,sell,50.0
55443508,1577837506555,2,7164.0,BTC-PERPETUAL,7164.12,sell,10.0
55443509,1577837506555,3,7164.0,BTC-PERPETUAL,7164.12,sell,1130.0
55443510,1577837506555,3,7164.0,BTC-PERPETUAL,7164.12,sell,350.0
55443512,1577837526298,3,7164.0,BTC-PERPETUAL,7165.18,sell,1000.0
55443513,1577837526298,3,7164.0,BTC-PERPETUAL,7165.18,sell,41960.0
55443514,1577837570592,0,7164.5,BTC-PERPETUAL,7165.05,buy,140.0
55443515,1577837583506,2,7164.0,BTC-PERPETUAL,7164.28,sell,1250.0
55443517,1577837602883,3,7164.0,BTC-PERPETUAL,7163.18,sell,1250.0
55443518,1577837604127,3,7164.0,BTC-PERPETUAL,7163.39,sell,9000.0
55443519,1577837604127,3,7164.0,BTC-PERPETUAL,7163.39,sell,430.0
55443520,1577837604127,3,7164.0,BTC-PERPETUAL,7163.39,sell,80.0
55443521,1577837604127,3,7164.0,BTC-PERPETUAL,7163.39,sell,60.0
55443522,1577837604127,3,7164.0,BTC-PERPETUAL,7163.39,sell,53890.0
55443523,1577837604494,2,7163.5,BTC-PERPETUAL,7163.33,sell,10.0
55443524,1577837604494,3,7163.5,BTC-PERPETUAL,7163.33,sell,1130.0
55443525,1577837604494,3,7163.5,BTC-PERPETUAL,7163.33,sell,10.0
55443526,1577837604494,3,7163.5,BTC-PERPETUAL,7163.33,sell,80.0
55443527,1577837604494,3,7163.5,BTC-PERPETUAL,7163.33,sell,20.0
55443528,1577837648014,2,7163.0,BTC-PERPETUAL,7161.84,sell,110.0
55443529,1577837648014,3,7163.0,BTC-PERPETUAL,7161.84,sell,10.0
55443531,1577837654777,2,7162.5,BTC-PERPETUAL,7160.8,sell,20.0
55443532,1577837654777,3,7162.5,BTC-PERPETUAL,7160.8,sell,10.0
55443533,1577837654777,3,7162.5,BTC-PERPETUAL,7160.8,sell,10.0
55443537,1577837658103,2,7162.0,BTC-PERPETUAL,7160.62,sell,10.0
55443538,1577837658103,3,7162.0,BTC-PERPETUAL,7160.62,sell,80.0
55443539,1577837658103,2,7161.5,BTC-PERPETUAL,7160.62,sell,10.0
55443540,1577837658103,3,7161.5,BTC-PERPETUAL,7160.62,sell,80.0
55443541,1577837658103,2,7160.5,BTC-PERPETUAL,7160.62,sell,10.0
55443542,1577837658103,3,7160.5,BTC-PERPETUAL,7160.62,sell,100.0
55443543,1577837658103,3,7160.5,BTC-PERPETUAL,7160.62,sell,100.0
55443544,1577837658103,3,7160.5,BTC-PERPETUAL,7160.62,sell,100.0
55443561,1577837787410,2,7160.0,BTC-PERPETUAL,7160.53,sell,130.0
55443562,1577837787410,3,7160.0,BTC-PERPETUAL,7160.53,sell,10.0
55443563,1577837787410,3,7160.0,BTC-PERPETUAL,7160.53,sell,10.0
55443564,1577837787410,3,7160.0,BTC-PERPETUAL,7160.53,sell,100.0
55443565,1577837787410,3,7160.0,BTC-PERPETUAL,7160.53,sell,10.0
55443566,1577837787410,3,7160.0,BTC-PERPETUAL,7160.53,sell,1380.0
55443571,1577837851038,3,7160.0,BTC-PERPETUAL,7160.08,sell,2200.0
55443572,1577837851038,3,7160.0,BTC-PERPETUAL,7160.08,sell,9000.0
55443573,1577837851038,3,7160.0,BTC-PERPETUAL,7160.08,sell,20.0
55443574,1577837851038,3,7160.0,BTC-PERPETUAL,7160.08,sell,10.0
55443575,1577837851038,3,7160.0,BTC-PERPETUAL,7160.08,sell,60.0
55443576,1577837851038,3,7160.0,BTC-PERPETUAL,7160.08,sell,160.0
55443577,1577837851038,3,7160.0,BTC-PERPETUAL,7160.08,sell,3580.0
55443578,1577837851038,3,7160.0,BTC-PERPETUAL,7160.08,sell,240.0
55443579,1577837851038,3,7160.0,BTC-PERPETUAL,7160.08,sell,130.0
55443580,1577837851038,3,7160.0,BTC-PERPETUAL,7160.08,sell,30.0
55443581,1577837851038,3,7160.0,BTC-PERPETUAL,7160.08,sell,50.0
55443582,1577837851038,3,7160.0,BTC-PERPETUAL,7160.08,sell,40.0
55443583,1577837851038,3,7160.0,BTC-PERPETUAL,7160.08,sell,19740.0
55443584,1577837866384,3,7160.0,BTC-PERPETUAL,7159.54,sell,2000.0
55443585,1577837866384,3,7160.0,BTC-PERPETUAL,7159.54,sell,120.0
55443586,1577837866384,3,7160.0,BTC-PERPETUAL,7159.54,sell,3330.0
55443587,1577837911379,3,7160.0,BTC-PERPETUAL,7159.14,sell,60.0
55443588,1577837911379,2,7159.5,BTC-PERPETUAL,7159.14,sell,10.0
55443589,1577837911379,3,7159.5,BTC-PERPETUAL,7159.14,sell,80.0
55443590,1577837911379,3,7159.5,BTC-PERPETUAL,7159.14,sell,850.0
55443594,1577837943190,2,7159.0,BTC-PERPETUAL,7158.99,sell,28630.0
55443595,1577837943403,3,7159.0,BTC-PERPETUAL,7158.99,sell,30.0
55443596,1577837943403,3,7159.0,BTC-PERPETUAL,7158.99,sell,20.0
55443597,1577837943403,2,7158.5,BTC-PERPETUAL,7158.99,sell,10.0
55443598,1577837943403,3,7158.5,BTC-PERPETUAL,7158.99,sell,10.0
55443599,1577837943403,3,7158.5,BTC-PERPETUAL,7158.99,sell,10.0
55443600,1577837943403,2,7158.0,BTC-PERPETUAL,7158.99,sell,10.0
55443601,1577837943403,3,7158.0,BTC-PERPETUAL,7158.99,sell,160.0
55443602,1577837943403,3,7158.0,BTC-PERPETUAL,7158.99,sell,240.0
55443603,1577837943403,3,7158.0,BTC-PERPETUAL,7158.99,sell,130.0
55443604,1577837943403,3,7158.0,BTC-PERPETUAL,7158.99,sell,30.0
55443605,1577837943403,3,7158.0,BTC-PERPETUAL,7158.99,sell,50.0
55443606,1577837943403,3,7158.0,BTC-PERPETUAL,7158.99,sell,100.0
55443607,1577837943403,3,7158.0,BTC-PERPETUAL,7158.99,sell,60.0
55443608,1577837943403,2,7157.5,BTC-PERPETUAL,7158.99,sell,100.0
55443609,1577837943403,3,7157.5,BTC-PERPETUAL,7158.99,sell,100.0
55443610,1577837943403,3,7157.5,BTC-PERPETUAL,7158.99,sell,940.0
55443611,1577837943426,3,7157.5,BTC-PERPETUAL,7158.99,sell,1260.0
55443612,1577837943426,3,7157.5,BTC-PERPETUAL,7158.99,sell,80.0
55443613,1577837943426,3,7157.5,BTC-PERPETUAL,7158.99,sell,100.0
55443614,1577837943426,2,7157.0,BTC-PERPETUAL,7158.99,sell,10.0
55443615,1577837943426,3,7157.0,BTC-PERPETUAL,7158.99,sell,110.0
55443616,1577837943426,3,7157.0,BTC-PERPETUAL,7158.99,sell,10.0
55443617,1577837943426,3,7157.0,BTC-PERPETUAL,7158.99,sell,10.0
55443618,1577837943426,3,7157.0,BTC-PERPETUAL,7158.99,sell,10.0
55443619,1577837943426,3,7157.0,BTC-PERPETUAL,7158.99,sell,1400.0
55443620,1577837943426,3,7157.0,BTC-PERPETUAL,7158.99,sell,100.0
55443621,1577837943426,3,7157.0,BTC-PERPETUAL,7158.99,sell,100.0
55443622,1577837943426,3,7157.0,BTC-PERPETUAL,7158.99,sell,100.0
55443623,1577837943426,3,7157.0,BTC-PERPETUAL,7158.99,sell,100.0
55443624,1577837943426,3,7157.0,BTC-PERPETUAL,7158.99,sell,30.0
55443625,1577837943426,3,7157.0,BTC-PERPETUAL,7158.99,sell,100.0
55443626,1577837943426,3,7157.0,BTC-PERPETUAL,7158.99,sell,100.0
55443627,1577837943426,3,7157.0,BTC-PERPETUAL,7158.99,sell,30.0
55443628,1577837943426,3,7157.0,BTC-PERPETUAL,7158.99,sell,20.0
55443629,1577837944228,3,7157.0,BTC-PERPETUAL,7158.99,buy,20.0
55443630,1577837952123,2,7156.5,BTC-PERPETUAL,7159.05,sell,10.0
55443631,1577837952123,3,7156.5,BTC-PERPETUAL,7159.05,sell,10.0
55443632,1577837952123,3,7156.5,BTC-PERPETUAL,7159.05,sell,10.0
55443633,1577837952123,3,7156.5,BTC-PERPETUAL,7159.05,sell,10.0
55443634,1577837952123,3,7156.5,BTC-PERPETUAL,7159.05,sell,4730.0
55443635,1577837952123,3,7156.5,BTC-PERPETUAL,7159.05,sell,60.0
55443636,1577837952123,3,7156.5,BTC-PERPETUAL,7159.05,sell,53900.0
55443637,1577837952123,3,7156.5,BTC-PERPETUAL,7159.05,sell,20000.0
55443638,1577837952123,3,7156.5,BTC-PERPETUAL,7159.05,sell,71270.0
55443639,1577837952128,3,7156.5,BTC-PERPETUAL,7159.05,sell,5000.0
55443640,1577837952147,3,7156.5,BTC-PERPETUAL,7159.05,sell,100.0
55443641,1577837952157,3,7156.5,BTC-PERPETUAL,7159.05,sell,1000.0
55443642,1577837957836,3,7156.5,BTC-PERPETUAL,7158.67,sell,25930.0
55443643,1577837957836,3,7156.5,BTC-PERPETUAL,7158.67,sell,9000.0
55443644,1577837957836,3,7156.5,BTC-PERPETUAL,7158.67,sell,2000.0
55443645,1577837957836,3,7156.5,BTC-PERPETUAL,7158.67,sell,13070.0
55443646,1577837960032,3,7156.5,BTC-PERPETUAL,7158.67,sell,50000.0
55443650,1577838035717,3,7156.5,BTC-PERPETUAL,7157.81,sell,60.0
55443651,1577838036973,3,7156.5,BTC-PERPETUAL,7157.65,sell,40.0
55443659,1577838117060,0,7157.0,BTC-PERPETUAL,7158.16,buy,4810.0
55443660,1577838117060,1,7157.0,BTC-PERPETUAL,7158.16,buy,1900.0
55443661,1577838117060,1,7157.0,BTC-PERPETUAL,7158.16,buy,100.0
55443662,1577838117060,1,7157.0,BTC-PERPETUAL,7158.16,buy,180.0
55443663,1577838117060,1,7157.0,BTC-PERPETUAL,7158.16,buy,10.0
55443664,1577838117060,1,7157.0,BTC-PERPETUAL,7158.16,buy,750.0
55443666,1577838117553,1,7157.0,BTC-PERPETUAL,7158.16,buy,170.0
55443667,1577838125059,1,7157.0,BTC-PERPETUAL,7158.71,buy,1080.0
55443668,1577838125059,1,7157.0,BTC-PERPETUAL,7158.71,buy,1480.0
55443669,1577838125059,1,7157.0,BTC-PERPETUAL,7158.71,buy,990.0
55443670,1577838125059,1,7157.0,BTC-PERPETUAL,7158.71,buy,70.0
55443671,1577838125059,1,7157.0,BTC-PERPETUAL,7158.71,buy,2000.0
55443672,1577838125059,1,7157.0,BTC-PERPETUAL,7158.71,buy,20.0
55443673,1577838125059,1,7157.0,BTC-PERPETUAL,7158.71,buy,100.0
55443674,1577838125517,1,7157.0,BTC-PERPETUAL,7158.71,buy,10.0
55443675,1577838132630,1,7157.0,BTC-PERPETUAL,7158.97,buy,70.0
55443676,1577838134343,1,7157.0,BTC-PERPETUAL,7158.71,buy,20.0
55443677,1577838134343,1,7157.0,BTC-PERPETUAL,7158.71,buy,1550.0
55443678,1577838135732,1,7157.0,BTC-PERPETUAL,7158.45,buy,500.0
55443679,1577838135732,1,7157.0,BTC-PERPETUAL,7158.45,buy,100.0
55443680,1577838138107,0,7157.5,BTC-PERPETUAL,7158.32,buy,50.0
55443681,1577838138107,1,7157.5,BTC-PERPETUAL,7158.32,buy,100.0
55443682,1577838138107,1,7157.5,BTC-PERPETUAL,7158.32,buy,100.0
55443683,1577838147066,0,7158.5,BTC-PERPETUAL,7158.41,buy,30.0
55443684,1577838147066,1,7158.5,BTC-PERPETUAL,7158.41,buy,1000.0
55443685,1577838147066,1,7158.5,BTC-PERPETUAL,7158.41,buy,1470.0
55443686,1577838171699,1,7158.5,BTC-PERPETUAL,7158.57,buy,100.0
55443687,1577838171699,1,7158.5,BTC-PERPETUAL,7158.57,buy,60.0
55443688,1577838171699,1,7158.5,BTC-PERPETUAL,7158.57,buy,20.0
55443689,1577838171699,1,7158.5,BTC-PERPETUAL,7158.57,buy,19300.0
55443690,1577838171699,1,7158.5,BTC-PERPETUAL,7158.57,buy,50100.0
55443691,1577838171699,1,7158.5,BTC-PERPETUAL,7158.57,buy,4970.0
55443692,1577838171699,1,7158.5,BTC-PERPETUAL,7158.57,buy,4000.0
55443693,1577838171699,1,7158.5,BTC-PERPETUAL,7158.57,buy,3990.0
55443694,1577838171699,1,7158.5,BTC-PERPETUAL,7158.57,buy,3990.0
55443695,1577838171699,0,7159.0,BTC-PERPETUAL,7158.57,buy,80.0
55443696,1577838171699,1,7159.0,BTC-PERPETUAL,7158.57,buy,180.0
55443697,1577838171699,1,7159.0,BTC-PERPETUAL,7158.57,buy,100.0
55443698,1577838171699,0,7159.5,BTC-PERPETUAL,7158.57,buy,13110.0
55443699,1577838185593,2,7158.5,BTC-PERPETUAL,7158.54,buy,100.0
55443701,1577838259557,3,7158.5,BTC-PERPETUAL,7157.87,sell,60.0
55443702,1577838259557,3,7158.5,BTC-PERPETUAL,7157.87,sell,1000.0
55443703,1577838259557,3,7158.5,BTC-PERPETUAL,7157.87,sell,9000.0
55443704,1577838259557,3,7158.5,BTC-PERPETUAL,7157.87,sell,53910.0
55443705,1577838259567,3,7158.5,BTC-PERPETUAL,7157.87,sell,3470.0
55443706,1577838259585,3,7158.5,BTC-PERPETUAL,7157.87,sell,520.0
55443707,1577838259585,3,7158.5,BTC-PERPETUAL,7157.87,sell,480.0
55443708,1577838259599,3,7158.5,BTC-PERPETUAL,7157.87,sell,100.0
55443709,1577838307937,3,7158.5,BTC-PERPETUAL,7156.79,buy,3000.0
55443710,1577838307937,3,7158.5,BTC-PERPETUAL,7156.79,buy,3050.0
55443711,1577838307952,3,7158.5,BTC-PERPETUAL,7156.79,buy,470.0
55443712,1577838307953,3,7158.5,BTC-PERPETUAL,7156.79,buy,470.0
55443713,1577838307953,3,7158.5,BTC-PERPETUAL,7156.79,buy,150.0
55443714,1577838307955,3,7158.5,BTC-PERPETUAL,7156.79,buy,150.0
55443716,1577838308349,3,7158.5,BTC-PERPETUAL,7157.29,buy,160.0
55443717,1577838308520,3,7158.5,BTC-PERPETUAL,7157.29,buy,10.0
55443718,1577838308520,3,7158.5,BTC-PERPETUAL,7157.29,buy,20.0
55443719,1577838308520,3,7158.5,BTC-PERPETUAL,7157.29,buy,20.0
55443720,1577838308566,0,7159.0,BTC-PERPETUAL,7157.29,buy,100.0
55443721,1577838308566,1,7159.0,BTC-PERPETUAL,7157.29,buy,740.0
55443722,1577838308566,1,7159.0,BTC-PERPETUAL,7157.29,buy,20.0
55443728,1577838308919,0,7160.0,BTC-PERPETUAL,7157.29,buy,120.0
55443729,1577838308919,1,7160.0,BTC-PERPETUAL,7157.29,buy,10.0
55443730,1577838308919,1,7160.0,BTC-PERPETUAL,7157.29,buy,10.0
55443731,1577838308919,1,7160.0,BTC-PERPETUAL,7157.29,buy,10.0
55443732,1577838308919,1,7160.0,BTC-PERPETUAL,7157.29,buy,10.0
55443733,1577838308919,1,7160.0,BTC-PERPETUAL,7157.29,buy,50.0
55443734,1577838308919,1,7160.0,BTC-PERPETUAL,7157.29,buy,53920.0
55443735,1577838308919,1,7160.0,BTC-PERPETUAL,7157.29,buy,3980.0
55443736,1577838308919,1,7160.0,BTC-PERPETUAL,7157.29,buy,420.0
55443737,1577838308939,0,7160.5,BTC-PERPETUAL,7157.29,buy,100.0
55443738,1577838309283,1,7160.5,BTC-PERPETUAL,7157.29,buy,50.0
55443739,1577838309283,1,7160.5,BTC-PERPETUAL,7157.29,buy,100.0
55443740,1577838309283,1,7160.5,BTC-PERPETUAL,7157.29,buy,60.0
55443741,1577838309283,1,7160.5,BTC-PERPETUAL,7157.29,buy,100.0
55443742,1577838309283,1,7160.5,BTC-PERPETUAL,7157.29,buy,100.0
55443743,1577838309283,0,7161.0,BTC-PERPETUAL,7157.29,buy,80.0
55443744,1577838309283,1,7161.0,BTC-PERPETUAL,7157.29,buy,180.0
55443745,1577838309283,1,7161.0,BTC-PERPETUAL,7157.29,buy,100.0
55443746,1577838309283,1,7161.0,BTC-PERPETUAL,7157.29,buy,100.0
55443747,1577838309283,1,7161.0,BTC-PERPETUAL,7157.29,buy,100.0
55443748,1577838309283,1,7161.0,BTC-PERPETUAL,7157.29,buy,100.0
55443749,1577838309283,1,7161.0,BTC-PERPETUAL,7157.29,buy,100.0
55443750,1577838309283,1,7161.0,BTC-PERPETUAL,7157.29,buy,100.0
55443751,1577838309402,1,7161.0,BTC-PERPETUAL,7158.09,buy,100.0
55443752,1577838309402,1,7161.0,BTC-PERPETUAL,7158.09,buy,900.0
55443753,1577838309466,1,7161.0,BTC-PERPETUAL,7158.09,buy,10.0
55443754,1577838309466,1,7161.0,BTC-PERPETUAL,7158.09,buy,30.0
55443755,1577838309889,0,7161.5,BTC-PERPETUAL,7158.09,buy,10.0
55443756,1577838309889,1,7161.5,BTC-PERPETUAL,7158.09,buy,10.0
55443757,1577838309889,1,7161.5,BTC-PERPETUAL,7158.09,buy,100.0
55443758,1577838309889,1,7161.5,BTC-PERPETUAL,7158.09,buy,280.0
55443759,1577838315579,1,7161.5,BTC-PERPETUAL,7158.56,buy,100.0
55443760,1577838315579,1,7161.5,BTC-PERPETUAL,7158.56,buy,100.0
55443761,1577838324613,1,7161.5,BTC-PERPETUAL,7158.95,buy,100.0
55443762,1577838324613,1,7161.5,BTC-PERPETUAL,7158.95,buy,10.0
55443763,1577838324613,1,7161.5,BTC-PERPETUAL,7158.95,buy,4890.0
55443764,1577838327961,1,7161.5,BTC-PERPETUAL,7158.95,buy,200.0
55443766,1577838337759,2,7161.0,BTC-PERPETUAL,7159.66,sell,40.0
55443769,1577838411859,3,7161.0,BTC-PERPETUAL,7158.71,sell,2960.0
55443770,1577838411859,3,7161.0,BTC-PERPETUAL,7158.71,sell,10.0
55443771,1577838411859,3,7161.0,BTC-PERPETUAL,7158.71,sell,70.0
55443774,1577838426139,2,7160.5,BTC-PERPETUAL,7158.52,sell,10.0
55443775,1577838426139,3,7160.5,BTC-PERPETUAL,7158.52,sell,20.0
55443777,1577838438988,2,7160.0,BTC-PERPETUAL,7158.14,sell,10.0
55443778,1577838438988,3,7160.0,BTC-PERPETUAL,7158.14,sell,40.0
55443779,1577838439003,2,7159.5,BTC-PERPETUAL,7158.14,sell,80.0
55443781,1577838439027,2,7159.0,BTC-PERPETUAL,7158.14,sell,250.0
55443785,1577838623523,3,7159.0,BTC-PERPETUAL,7160.25,buy,10.0
55443786,1577838623523,3,7159.0,BTC-PERPETUAL,7160.25,buy,20.0
55443787,1577838623523,3,7159.0,BTC-PERPETUAL,7160.25,buy,1600.0
55443789,1577838624092,3,7159.0,BTC-PERPETUAL,7160.25,buy,22750.0
55443790,1577838624092,3,7159.0,BTC-PERPETUAL,7160.25,buy,9310.0
55443791,1577838624092,3,7159.0,BTC-PERPETUAL,7160.25,buy,440.0
55443792,1577838624092,3,7159.0,BTC-PERPETUAL,7160.25,buy,20.0
55443793,1577838624092,3,7159.0,BTC-PERPETUAL,7160.25,buy,3400.0
55443795,1577838626191,0,7159.5,BTC-PERPETUAL,7160.37,buy,80.0
55443796,1577838629937,1,7159.5,BTC-PERPETUAL,7161.52,buy,20.0
55443797,1577838634664,0,7160.0,BTC-PERPETUAL,7161.91,buy,100.0
55443798,1577838634664,1,7160.0,BTC-PERPETUAL,7161.91,buy,410.0
55443799,1577838634674,0,7161.0,BTC-PERPETUAL,7161.91,buy,80.0
55443800,1577838634674,0,7161.5,BTC-PERPETUAL,7161.91,buy,100.0
55443801,1577838634674,1,7161.5,BTC-PERPETUAL,7161.91,buy,1000.0
55443802,1577838634674,1,7161.5,BTC-PERPETUAL,7161.91,buy,100.0
55443803,1577838634674,0,7162.0,BTC-PERPETUAL,7161.91,buy,10.0
55443804,1577838634674,1,7162.0,BTC-PERPETUAL,7161.91,buy,90.0
55443805,1577838634674,1,7162.0,BTC-PERPETUAL,7161.91,buy,100.0
55443806,1577838634674,1,7162.0,BTC-PERPETUAL,7161.91,buy,20.0
55443811,1577838643364,1,7162.0,BTC-PERPETUAL,7161.98,buy,100.0
55443812,1577838643364,1,7162.0,BTC-PERPETUAL,7161.98,buy,10.0
55443813,1577838643364,0,7162.5,BTC-PERPETUAL,7161.98,buy,30.0
55443814,1577838643364,1,7162.5,BTC-PERPETUAL,7161.98,buy,100.0
55443815,1577838643364,1,7162.5,BTC-PERPETUAL,7161.98,buy,100.0
55443816,1577838643364,0,7163.0,BTC-PERPETUAL,7161.98,buy,80.0
55443817,1577838643364,1,7163.0,BTC-PERPETUAL,7161.98,buy,110.0
55443818,1577838643364,1,7163.0,BTC-PERPETUAL,7161.98,buy,10.0
55443819,1577838643364,1,7163.0,BTC-PERPETUAL,7161.98,buy,180.0
55443820,1577838643364,1,7163.0,BTC-PERPETUAL,7161.98,buy,6280.0
55443821,1577838647162,2,7162.0,BTC-PERPETUAL,7161.97,buy,100.0
55443822,1577838647162,3,7162.0,BTC-PERPETUAL,7161.97,buy,410.0
55443823,1577838661491,0,7162.5,BTC-PERPETUAL,7162.11,buy,100.0
55443824,1577838661491,1,7162.5,BTC-PERPETUAL,7162.11,buy,100.0
55443825,1577838661491,1,7162.5,BTC-PERPETUAL,7162.11,buy,410.0
55443826,1577838661491,1,7162.5,BTC-PERPETUAL,7162.11,buy,90.0
55443827,1577838661491,1,7162.5,BTC-PERPETUAL,7162.11,buy,15900.0
55443828,1577838661491,1,7162.5,BTC-PERPETUAL,7162.11,buy,100.0
55443830,1577838702068,0,7163.0,BTC-PERPETUAL,7162.6,buy,80.0
55443831,1577838702068,1,7163.0,BTC-PERPETUAL,7162.6,buy,80.0
55443832,1577838702068,1,7163.0,BTC-PERPETUAL,7162.6,buy,410.0
55443833,1577838702068,1,7163.0,BTC-PERPETUAL,7162.6,buy,30.0
55443834,1577838702068,1,7163.0,BTC-PERPETUAL,7162.6,buy,160.0
55443835,1577838702068,1,7163.0,BTC-PERPETUAL,7162.6,buy,310.0
55443836,1577838702068,1,7163.0,BTC-PERPETUAL,7162.6,buy,110.0
55443837,1577838702068,1,7163.0,BTC-PERPETUAL,7162.6,buy,50.0
55443838,1577838702068,1,7163.0,BTC-PERPETUAL,7162.6,buy,400.0
55443839,1577838702068,1,7163.0,BTC-PERPETUAL,7162.6,buy,20.0
55443840,1577838702068,1,7163.0,BTC-PERPETUAL,7162.6,buy,50.0
55443841,1577838702068,0,7163.5,BTC-PERPETUAL,7162.6,buy,10.0
55443842,1577838702068,1,7163.5,BTC-PERPETUAL,7162.6,buy,10.0
55443843,1577838702068,1,7163.5,BTC-PERPETUAL,7162.6,buy,10.0
55443844,1577838702068,1,7163.5,BTC-PERPETUAL,7162.6,buy,53920.0
55443845,1577838784608,1,7163.5,BTC-PERPETUAL,7162.44,buy,3000.0
55443846,1577838784608,1,7163.5,BTC-PERPETUAL,7162.44,buy,4150.0
55443847,1577838836820,2,7163.0,BTC-PERPETUAL,7161.07,sell,2000.0
55443848,1577838836820,3,7163.0,BTC-PERPETUAL,7161.07,sell,60.0
55443849,1577838836820,3,7163.0,BTC-PERPETUAL,7161.07,sell,3000.0
55443850,1577838836820,3,7163.0,BTC-PERPETUAL,7161.07,sell,15000.0
55443851,1577838836820,3,7163.0,BTC-PERPETUAL,7161.07,sell,2000.0
55443852,1577838836820,3,7163.0,BTC-PERPETUAL,7161.07,sell,90100.0
55443853,1577838836820,3,7163.0,BTC-PERPETUAL,7161.07,sell,3990.0
55443854,1577838836820,3,7163.0,BTC-PERPETUAL,7161.07,sell,3990.0
55443855,1577838836820,3,7163.0,BTC-PERPETUAL,7161.07,sell,3990.0
55443856,1577838836853,2,7162.5,BTC-PERPETUAL,7161.07,sell,40.0
55443857,1577838836853,3,7162.5,BTC-PERPETUAL,7161.07,sell,1000.0
55443858,1577838836853,3,7162.5,BTC-PERPETUAL,7161.07,sell,10.0
55443859,1577838836853,2,7162.0,BTC-PERPETUAL,7161.07,sell,5140.0
55443860,1577838881101,3,7162.0,BTC-PERPETUAL,7160.72,sell,10.0
55443861,1577838881442,3,7162.0,BTC-PERPETUAL,7160.72,sell,170.0
55443865,1577839026745,3,7162.0,BTC-PERPETUAL,7161.55,sell,430.0
55443866,1577839026745,3,7162.0,BTC-PERPETUAL,7161.55,sell,60.0
55443867,1577839026745,3,7162.0,BTC-PERPETUAL,7161.55,sell,1500.0
55443868,1577839052902,2,7161.5,BTC-PERPETUAL,7160.54,sell,10.0
55443869,1577839061934,3,7161.5,BTC-PERPETUAL,7160.24,sell,10.0
55443870,1577839069557,3,7161.5,BTC-PERPETUAL,7160.36,sell,10.0
55443871,1577839081627,3,7161.5,BTC-PERPETUAL,7160.57,sell,10.0
55443872,1577839110360,3,7161.5,BTC-PERPETUAL,7160.19,sell,10.0
55443873,1577839118886,3,7161.5,BTC-PERPETUAL,7160.37,sell,30.0
55443874,1577839118886,3,7161.5,BTC-PERPETUAL,7160.37,sell,10.0
55443875,1577839118886,3,7161.5,BTC-PERPETUAL,7160.37,sell,10.0
55443876,1577839151241,3,7161.5,BTC-PERPETUAL,7160.46,sell,7890.0
55443877,1577839151241,3,7161.5,BTC-PERPETUAL,7160.46,sell,20.0
55443878,1577839151241,3,7161.5,BTC-PERPETUAL,7160.46,sell,7090.0
55443884,1577839189472,2,7161.0,BTC-PERPETUAL,7159.55,sell,10.0
55443889,1577839239221,2,7160.5,BTC-PERPETUAL,7160.11,sell,40.0
55443890,1577839239221,3,7160.5,BTC-PERPETUAL,7160.11,sell,20.0
55443891,1577839240783,3,7160.5,BTC-PERPETUAL,7160.18,sell,40.0
55443893,1577839427762,3,7160.5,BTC-PERPETUAL,7159.9,sell,53920.0
55443894,1577839427762,3,7160.5,BTC-PERPETUAL,7159.9,sell,80.0
55443895,1577839427762,3,7160.5,BTC-PERPETUAL,7159.9,sell,750.0
55443896,1577839427762,2,7160.0,BTC-PERPETUAL,7159.9,sell,10.0
55443897,1577839427762,3,7160.0,BTC-PERPETUAL,7159.9,sell,110.0
55443898,1577839427762,3,7160.0,BTC-PERPETUAL,7159.9,sell,10.0
55443899,1577839427762,3,7160.0,BTC-PERPETUAL,7159.9,sell,40.0
55443900,1577839427762,3,7160.0,BTC-PERPETUAL,7159.9,sell,10.0
55443901,1577839427772,2,7159.5,BTC-PERPETUAL,7159.9,sell,10.0
55443902,1577839427772,3,7159.5,BTC-PERPETUAL,7159.9,sell,80.0
55443903,1577839427772,3,7159.5,BTC-PERPETUAL,7159.9,sell,130.0
55443904,1577839427772,2,7158.5,BTC-PERPETUAL,7159.9,sell,10.0
55443905,1577839427772,3,7158.5,BTC-PERPETUAL,7159.9,sell,40.0
55443906,1577839427772,3,7158.5,BTC-PERPETUAL,7159.9,sell,100.0
55443907,1577839427772,3,7158.5,BTC-PERPETUAL,7159.9,sell,3190.0
55443910,1577839465404,3,7158.5,BTC-PERPETUAL,7158.88,sell,50000.0
55443911,1577839468960,0,7159.0,BTC-PERPETUAL,7158.88,buy,140.0
55443912,1577839471504,1,7159.0,BTC-PERPETUAL,7158.8,buy,140.0
55443913,1577839501508,2,7158.5,BTC-PERPETUAL,7159.14,sell,2400.0
55443914,1577839503470,3,7158.5,BTC-PERPETUAL,7158.75,sell,800.0
55443915,1577839522299,3,7158.5,BTC-PERPETUAL,7158.24,sell,1800.0
55443916,1577839539958,3,7158.5,BTC-PERPETUAL,7157.48,sell,60.0
55443917,1577839541514,3,7158.5,BTC-PERPETUAL,7157.48,sell,40.0
55443918,1577839672496,0,7159.0,BTC-PERPETUAL,7158.1,buy,3710.0
55443919,1577839672496,1,7159.0,BTC-PERPETUAL,7158.1,buy,3000.0
55443920,1577839672496,1,7159.0,BTC-PERPETUAL,7158.1,buy,450.0
55443921,1577839697844,1,7159.0,BTC-PERPETUAL,7158.61,buy,2150.0
55443922,1577839734581,1,7159.0,BTC-PERPETUAL,7158.52,buy,1390.0
55443923,1577839734581,1,7159.0,BTC-PERPETUAL,7158.52,buy,1500.0
55443924,1577839734581,1,7159.0,BTC-PERPETUAL,7158.52,buy,2000.0
55443925,1577839734581,1,7159.0,BTC-PERPETUAL,7158.52,buy,2110.0
55443927,1577839840693,2,7158.5,BTC-PERPETUAL,7158.77,sell,60.0
55443928,1577839842284,3,7158.5,BTC-PERPETUAL,7158.77,sell,40.0
55443929,1577839921582,3,7158.5,BTC-PERPETUAL,7157.27,sell,200.0
55443930,1577839925672,3,7158.5,BTC-PERPETUAL,7156.56,sell,130.0
55443931,1577839925672,3,7158.5,BTC-PERPETUAL,7156.56,sell,370.0
55443935,1577839954179,3,7158.5,BTC-PERPETUAL,7155.56,sell,2630.0
55443936,1577839954179,3,7158.5,BTC-PERPETUAL,7155.56,sell,7150.0
55443937,1577839954179,3,7158.5,BTC-PERPETUAL,7155.56,sell,7150.0
55443940,1577839981283,2,7158.0,BTC-PERPETUAL,7155.18,sell,10.0
55443941,1577839981283,3,7158.0,BTC-PERPETUAL,7155.18,sell,1770.0
55443942,1577839981535,3,7158.0,BTC-PERPETUAL,7155.18,sell,1730.0
55443943,1577839981535,3,7158.0,BTC-PERPETUAL,7155.18,sell,1740.0
55443944,1577839981552,3,7158.0,BTC-PERPETUAL,7155.18,sell,5410.0
55443946,1577839981611,2,7157.5,BTC-PERPETUAL,7155.18,sell,80.0
55443947,1577839981611,3,7157.5,BTC-PERPETUAL,7155.18,sell,3130.0
55443948,1577839981611,3,7157.5,BTC-PERPETUAL,7155.18,sell,10.0
55443950,1577839982165,2,7157.0,BTC-PERPETUAL,7155.18,sell,10.0
55443951,1577839982165,3,7157.0,BTC-PERPETUAL,7155.18,sell,120.0
55443952,1577839982165,3,7157.0,BTC-PERPETUAL,7155.18,sell,3130.0
55443953,1577839982165,2,7156.5,BTC-PERPETUAL,7155.18,sell,190.0
55443954,1577839982165,3,7156.5,BTC-PERPETUAL,7155.18,sell,100.0
55443955,1577839982165,3,7156.5,BTC-PERPETUAL,7155.18,sell,120.0
55443956,1577839982165,3,7156.5,BTC-PERPETUAL,7155.18,sell,30.0
55443957,1577839982165,3,7156.5,BTC-PERPETUAL,7155.18,sell,10.0
55443958,1577839982165,3,7156.5,BTC-PERPETUAL,7155.18,sell,10.0
55443959,1577839982165,3,7156.5,BTC-PERPETUAL,7155.18,sell,10.0
55443960,1577839982165,3,7156.5,BTC-PERPETUAL,7155.18,sell,40.0
55443961,1577839982165,3,7156.5,BTC-PERPETUAL,7155.18,sell,3130.0
55443962,1577839982165,2,7156.0,BTC-PERPETUAL,7155.18,sell,10.0
55443963,1577839982165,3,7156.0,BTC-PERPETUAL,7155.18,sell,10.0
55443964,1577839982165,3,7156.0,BTC-PERPETUAL,7155.18,sell,10.0
55443965,1577839982165,3,7156.0,BTC-PERPETUAL,7155.18,sell,30.0
55443966,1577839982165,3,7156.0,BTC-PERPETUAL,7155.18,sell,10.0
55443967,1577839982165,3,7156.0,BTC-PERPETUAL,7155.18,sell,130.0
55443968,1577839982165,3,7156.0,BTC-PERPETUAL,7155.18,sell,3130.0
55443969,1577839982165,3,7156.0,BTC-PERPETUAL,7155.18,sell,100.0
55443970,1577839982165,3,7156.0,BTC-PERPETUAL,7155.18,sell,5070.0
55443971,1577839982395,2,7155.5,BTC-PERPETUAL,7155.18,sell,200.0
55443972,1577839982395,3,7155.5,BTC-PERPETUAL,7155.18,sell,50.0
55443973,1577839982395,3,7155.5,BTC-PERPETUAL,7155.18,sell,760.0
55443974,1577839982395,3,7155.5,BTC-PERPETUAL,7155.18,sell,40.0
55443975,1577839984655,3,7155.5,BTC-PERPETUAL,7154.65,sell,260.0
55443976,1577839984655,3,7155.5,BTC-PERPETUAL,7154.65,sell,80.0
55443977,1577839984655,3,7155.5,BTC-PERPETUAL,7154.65,sell,160.0
55443978,1577839985815,3,7155.5,BTC-PERPETUAL,7154.66,sell,2500.0
55443980,1577839996550,3,7155.5,BTC-PERPETUAL,7155.19,sell,400.0
55443983,1577840068994,3,7155.5,BTC-PERPETUAL,7157.1,sell,230.0
55443984,1577840068994,3,7155.5,BTC-PERPETUAL,7157.1,sell,130.0
55443986,1577840103961,3,7155.5,BTC-PERPETUAL,7155.19,sell,210.0
55443987,1577840103961,3,7155.5,BTC-PERPETUAL,7155.19,sell,7020.0
55443988,1577840111665,3,7155.5,BTC-PERPETUAL,7154.88,sell,4150.0
55443989,1577840111665,3,7155.5,BTC-PERPETUAL,7154.88,sell,30.0
55443990,1577840111665,3,7155.5,BTC-PERPETUAL,7154.88,sell,10.0
55443991,1577840111665,3,7155.5,BTC-PERPETUAL,7154.88,sell,2700.0
