trade_seq,trade_id,timestamp,tick_direction,price,instrument_name,index_price,direction,amount,liquidation
44564819,71803406,1586390401264,0,7364.0,BTC-PERPETUAL,7368.63,buy,220.0,
44564820,71803407,1586390404167,2,7363.5,BTC-PERPETUAL,7368.79,sell,200.0,
44564821,71803408,1586390404381,3,7363.5,BTC-PERPETUAL,7368.79,sell,10.0,
44564822,71803413,1586390410649,3,7363.5,BTC-PERPETUAL,7367.01,sell,10.0,
44564823,71803414,1586390410649,3,7363.5,BTC-PERPETUAL,7367.01,sell,2390.0,
44564824,71803416,1586390423156,3,7363.5,BTC-PERPETUAL,7363.99,sell,150.0,
44564825,71803417,1586390423156,3,7363.5,BTC-PERPETUAL,7363.99,sell,10.0,
44564826,71803418,1586390423156,3,7363.5,BTC-PERPETUAL,7363.99,sell,20.0,
44564827,71803419,1586390423156,3,7363.5,BTC-PERPETUAL,7363.99,sell,50.0,
44564828,71803420,1586390423156,3,7363.5,BTC-PERPETUAL,7363.99,sell,20.0,
44564829,71803421,1586390423156,3,7363.5,BTC-PERPETUAL,7363.99,sell,40.0,
44564830,71803422,1586390423156,3,7363.5,BTC-PERPETUAL,7363.99,sell,10.0,
44564831,71803423,1586390423156,3,7363.5,BTC-PERPETUAL,7363.99,sell,20.0,
44564832,71803424,1586390423156,3,7363.5,BTC-PERPETUAL,7363.99,sell,40.0,
44564833,71803425,1586390423156,3,7363.5,BTC-PERPETUAL,7363.99,sell,20.0,
44564834,71803426,1586390423156,3,7363.5,BTC-PERPETUAL,7363.99,sell,50.0,
44564835,71803427,1586390423156,3,7363.5,BTC-PERPETUAL,7363.99,sell,150.0,
44564836,71803429,1586390423179,2,7363.0,BTC-PERPETUAL,7363.99,sell,60.0,
44564837,71803431,1586390423306,2,7362.5,BTC-PERPETUAL,7363.99,sell,60.0,
44564838,71803433,1586390424025,2,7362.0,BTC-PERPETUAL,7363.56,sell,10.0,
44564839,71803434,1586390424025,3,7362.0,BTC-PERPETUAL,7363.56,sell,29990.0,
44564840,71803435,1586390424025,3,7362.0,BTC-PERPETUAL,7363.56,sell,20.0,
44564841,71803436,1586390424055,2,7361.0,BTC-PERPETUAL,7363.56,sell,250.0,
44564842,71803437,1586390424055,3,7361.0,BTC-PERPETUAL,7363.56,sell,250.0,
44564843,71803438,1586390424206,2,7360.5,BTC-PERPETUAL,7363.56,sell,10.0,
44564844,71803439,1586390424206,2,7360.0,BTC-PERPETUAL,7363.56,sell,860.0,
44564845,71803440,1586390424357,3,7360.0,BTC-PERPETUAL,7363.56,sell,140.0,
44564846,71803441,1586390424357,3,7360.0,BTC-PERPETUAL,7363.56,sell,1620.0,
44564847,71803442,1586390424870,3,7360.0,BTC-PERPETUAL,7363.56,sell,300.0,
44564848,71803443,1586390424870,3,7360.0,BTC-PERPETUAL,7363.56,sell,1460.0,
44564849,71803444,1586390425343,2,7359.5,BTC-PERPETUAL,7363.41,sell,20.0,
44564850,71803445,1586390425343,2,7359.0,BTC-PERPETUAL,7363.41,sell,10.0,
44564851,71803446,1586390425343,3,7359.0,BTC-PERPETUAL,7363.41,sell,470.0,
44564852,71803447,1586390425370,3,7359.0,BTC-PERPETUAL,7363.41,sell,1760.0,
44564853,71803448,1586390425495,2,7358.5,BTC-PERPETUAL,7363.41,sell,3110.0,
44564854,71803449,1586390425495,3,7358.5,BTC-PERPETUAL,7363.41,sell,100.0,
44564855,71803450,1586390425495,3,7358.5,BTC-PERPETUAL,7363.41,sell,36790.0,
44564856,71803458,1586390432355,2,7358.0,BTC-PERPETUAL,7359.84,sell,960.0,
44564857,71803459,1586390432355,3,7358.0,BTC-PERPETUAL,7359.84,sell,60.0,
44564858,71803460,1586390432355,3,7358.0,BTC-PERPETUAL,7359.84,sell,150.0,
44564859,71803461,1586390432355,3,7358.0,BTC-PERPETUAL,7359.84,sell,10.0,
44564860,71803462,1586390432355,2,7357.5,BTC-PERPETUAL,7359.84,sell,130.0,
44564861,71803463,1586390432355,2,7356.5,BTC-PERPETUAL,7359.84,sell,70.0,
44564862,71803464,1586390432355,2,7356.0,BTC-PERPETUAL,7359.84,sell,1200.0,
44564863,71803465,1586390432355,3,7356.0,BTC-PERPETUAL,7359.84,sell,240.0,
44564864,71803467,1586390432576,3,7356.0,BTC-PERPETUAL,7359.84,sell,1760.0,
44564865,71803468,1586390432583,2,7355.5,BTC-PERPETUAL,7359.84,sell,130.0,
44564866,71803469,1586390432583,3,7355.5,BTC-PERPETUAL,7359.84,sell,220.0,
44564867,71803471,1586390432588,2,7355.0,BTC-PERPETUAL,7359.84,sell,10.0,
44564868,71803472,1586390432588,3,7355.0,BTC-PERPETUAL,7359.84,sell,130.0,
44564869,71803473,1586390432588,3,7355.0,BTC-PERPETUAL,7359.84,sell,130.0,
44564870,71803474,1586390432588,3,7355.0,BTC-PERPETUAL,7359.84,sell,20.0,
44564871,71803475,1586390432588,2,7354.5,BTC-PERPETUAL,7359.84,sell,90.0,
44564872,71803476,1586390432588,2,7353.5,BTC-PERPETUAL,7359.84,sell,90.0,
44564873,71803477,1586390432588,3,7353.5,BTC-PERPETUAL,7359.84,sell,250.0,
44564874,71803478,1586390432588,3,7353.5,BTC-PERPETUAL,7359.84,sell,1440.0,
44564875,71803479,1586390432593,3,7353.5,BTC-PERPETUAL,7359.84,sell,1830.0,
44564876,71803480,1586390432595,3,7353.5,BTC-PERPETUAL,7359.84,sell,1730.0,
44564877,71803481,1586390432601,2,7353.0,BTC-PERPETUAL,7359.84,sell,1560.0,
44564878,71803482,1586390432672,2,7352.0,BTC-PERPETUAL,7359.84,sell,10.0,
44564879,71803483,1586390432672,3,7352.0,BTC-PERPETUAL,7359.84,sell,20.0,
44564880,71803484,1586390432672,3,7352.0,BTC-PERPETUAL,7359.84,sell,30.0,
44564881,71803485,1586390432672,3,7352.0,BTC-PERPETUAL,7359.84,sell,940.0,
44564882,71803486,1586390432746,3,7352.0,BTC-PERPETUAL,7359.84,sell,4260.0,
44564883,71803488,1586390432835,3,7352.0,BTC-PERPETUAL,7359.84,sell,870.0,
44564884,71803489,1586390432861,3,7352.0,BTC-PERPETUAL,7359.84,sell,990.0,
44564885,71803491,1586390433117,3,7352.0,BTC-PERPETUAL,7357.37,sell,1710.0,
44564886,71803494,1586390433144,3,7352.0,BTC-PERPETUAL,7357.37,sell,1250.0,
44564887,71803495,1586390433147,3,7352.0,BTC-PERPETUAL,7357.37,sell,1710.0,
44564888,71803496,1586390433169,3,7352.0,BTC-PERPETUAL,7357.37,sell,1710.0,
44564889,71803497,1586390433358,3,7352.0,BTC-PERPETUAL,7357.37,sell,2880.0,
44564890,71803498,1586390433358,2,7351.0,BTC-PERPETUAL,7357.37,sell,880.0,
44564891,71803499,1586390433365,3,7351.0,BTC-PERPETUAL,7357.37,sell,740.0,
44564892,71803500,1586390433365,2,7350.5,BTC-PERPETUAL,7357.37,sell,480.0,
44564893,71803501,1586390433365,2,7350.0,BTC-PERPETUAL,7357.37,sell,10.0,
44564894,71803502,1586390433365,3,7350.0,BTC-PERPETUAL,7357.37,sell,270.0,
44564895,71803504,1586390433751,2,7349.0,BTC-PERPETUAL,7357.37,sell,10.0,
44564896,71803505,1586390433751,3,7349.0,BTC-PERPETUAL,7357.37,sell,10.0,
44564897,71803506,1586390433751,3,7349.0,BTC-PERPETUAL,7357.37,sell,10.0,
44564898,71803507,1586390433751,3,7349.0,BTC-PERPETUAL,7357.37,sell,250.0,
44564899,71803508,1586390433751,2,7348.5,BTC-PERPETUAL,7357.37,sell,60.0,
44564900,71803509,1586390433751,3,7348.5,BTC-PERPETUAL,7357.37,sell,60.0,
44564901,71803510,1586390433751,3,7348.5,BTC-PERPETUAL,7357.37,sell,60.0,
44564902,71803511,1586390433751,2,7348.0,BTC-PERPETUAL,7357.37,sell,10.0,
44564903,71803512,1586390433751,3,7348.0,BTC-PERPETUAL,7357.37,sell,10.0,
44564904,71803513,1586390433751,3,7348.0,BTC-PERPETUAL,7357.37,sell,100.0,
44564905,71803514,1586390433751,2,7347.5,BTC-PERPETUAL,7357.37,sell,1000.0,
44564906,71803515,1586390433751,3,7347.5,BTC-PERPETUAL,7357.37,sell,11620.0,
44564907,71803516,1586390433901,2,7347.0,BTC-PERPETUAL,7357.37,sell,1000.0,
44564908,71803517,1586390434454,0,7347.5,BTC-PERPETUAL,7356.47,buy,2400.0,
44564909,71803518,1586390435154,1,7347.5,BTC-PERPETUAL,7355.38,buy,1800.0,
44564910,71803519,1586390435154,1,7347.5,BTC-PERPETUAL,7355.38,buy,240.0,
44564911,71803520,1586390435154,1,7347.5,BTC-PERPETUAL,7355.38,buy,1910.0,
44564912,71803522,1586390435390,2,7347.0,BTC-PERPETUAL,7355.38,sell,10.0,
44564913,71803523,1586390435390,3,7347.0,BTC-PERPETUAL,7355.38,sell,4250.0,
44564914,71803526,1586390435626,3,7347.0,BTC-PERPETUAL,7355.38,sell,20.0,
44564915,71803527,1586390435626,3,7347.0,BTC-PERPETUAL,7355.38,sell,20.0,
44564916,71803528,1586390435626,3,7347.0,BTC-PERPETUAL,7355.38,sell,20.0,
44564917,71803529,1586390435626,3,7347.0,BTC-PERPETUAL,7355.38,sell,220.0,
44564918,71803530,1586390435626,3,7347.0,BTC-PERPETUAL,7355.38,sell,2000.0,
44564919,71803531,1586390435626,2,7346.5,BTC-PERPETUAL,7355.38,sell,10.0,
44564920,71803532,1586390435626,3,7346.5,BTC-PERPETUAL,7355.38,sell,10.0,
44564921,71803533,1586390435626,3,7346.5,BTC-PERPETUAL,7355.38,sell,70.0,
44564922,71803537,1586390435725,2,7346.0,BTC-PERPETUAL,7355.38,sell,1620.0,
44564923,71803538,1586390435725,2,7345.5,BTC-PERPETUAL,7355.38,sell,10.0,
44564924,71803539,1586390435725,3,7345.5,BTC-PERPETUAL,7355.38,sell,10.0,
44564925,71803540,1586390435725,3,7345.5,BTC-PERPETUAL,7355.38,sell,10.0,
44564926,71803541,1586390435725,3,7345.5,BTC-PERPETUAL,7355.38,sell,100.0,
44564927,71803542,1586390435725,3,7345.5,BTC-PERPETUAL,7355.38,sell,100.0,
44564928,71803543,1586390435725,3,7345.5,BTC-PERPETUAL,7355.38,sell,110.0,
44564929,71803544,1586390435725,2,7345.0,BTC-PERPETUAL,7355.38,sell,10.0,
44564930,71803545,1586390435725,3,7345.0,BTC-PERPETUAL,7355.38,sell,10.0,
44564931,71803546,1586390435725,3,7345.0,BTC-PERPETUAL,7355.38,sell,10.0,
44564932,71803547,1586390435725,3,7345.0,BTC-PERPETUAL,7355.38,sell,10.0,
44564933,71803548,1586390435779,0,7345.5,BTC-PERPETUAL,7355.38,buy,3600.0,
44564934,71803549,1586390435779,1,7345.5,BTC-PERPETUAL,7355.38,buy,340.0,
44564935,71803551,1586390436715,1,7345.5,BTC-PERPETUAL,7351.54,buy,1670.0,
44564936,71803552,1586390436715,1,7345.5,BTC-PERPETUAL,7351.54,buy,300.0,
44564937,71803553,1586390436715,1,7345.5,BTC-PERPETUAL,7351.54,buy,2000.0,
44564938,71803554,1586390436715,1,7345.5,BTC-PERPETUAL,7351.54,buy,2000.0,
44564939,71803555,1586390436715,1,7345.5,BTC-PERPETUAL,7351.54,buy,9050.0,
44564940,71803556,1586390436717,1,7345.5,BTC-PERPETUAL,7351.54,buy,4250.0,
44564941,71803557,1586390436725,1,7345.5,BTC-PERPETUAL,7351.54,buy,3360.0,
44564942,71803558,1586390437006,0,7346.0,BTC-PERPETUAL,7351.54,buy,3670.0,
44564943,71803559,1586390437006,1,7346.0,BTC-PERPETUAL,7351.54,buy,2530.0,
44564944,71803560,1586390437316,0,7348.0,BTC-PERPETUAL,7350.8,buy,100.0,
44564945,71803561,1586390438991,1,7348.0,BTC-PERPETUAL,7351.41,buy,100.0,
44564946,71803563,1586390440746,2,7347.5,BTC-PERPETUAL,7350.58,sell,340.0,
44564947,71803564,1586390440746,3,7347.5,BTC-PERPETUAL,7350.58,sell,2060.0,
44564948,71803566,1586390440766,3,7347.5,BTC-PERPETUAL,7350.58,sell,1540.0,
44564949,71803567,1586390440766,3,7347.5,BTC-PERPETUAL,7350.58,sell,1800.0,
44564950,71803568,1586390440766,3,7347.5,BTC-PERPETUAL,7350.58,sell,10.0,
44564951,71803569,1586390440766,3,7347.5,BTC-PERPETUAL,7350.58,sell,220.0,
44564952,71803570,1586390440766,3,7347.5,BTC-PERPETUAL,7350.58,sell,6060.0,
44564953,71803571,1586390440768,3,7347.5,BTC-PERPETUAL,7350.58,sell,1000.0,
44564954,71803572,1586390440768,3,7347.5,BTC-PERPETUAL,7350.58,sell,15840.0,
44564955,71803573,1586390440786,2,7346.5,BTC-PERPETUAL,7350.58,sell,3670.0,
44564956,71803578,1586390442607,2,7345.0,BTC-PERPETUAL,7346.65,sell,90.0,
44564957,71803579,1586390442719,3,7345.0,BTC-PERPETUAL,7346.65,sell,380.0,
44564958,71803580,1586390442719,3,7345.0,BTC-PERPETUAL,7346.65,sell,100.0,
44564959,71803581,1586390442719,3,7345.0,BTC-PERPETUAL,7346.65,sell,100.0,
44564960,71803582,1586390442719,3,7345.0,BTC-PERPETUAL,7346.65,sell,520.0,
44564961,71803583,1586390442719,3,7345.0,BTC-PERPETUAL,7346.65,sell,220.0,
44564962,71803584,1586390442719,2,7344.5,BTC-PERPETUAL,7346.65,sell,20.0,
44564963,71803585,1586390442719,3,7344.5,BTC-PERPETUAL,7346.65,sell,300.0,
44564964,71803586,1586390442719,2,7344.0,BTC-PERPETUAL,7346.65,sell,60.0,
44564965,71803587,1586390442719,3,7344.0,BTC-PERPETUAL,7346.65,sell,300.0,
44564966,71803588,1586390442719,3,7344.0,BTC-PERPETUAL,7346.65,sell,100.0,
44564967,71803589,1586390442719,3,7344.0,BTC-PERPETUAL,7346.65,sell,4800.0,
44564968,71803590,1586390442719,3,7344.0,BTC-PERPETUAL,7346.65,sell,960.0,
44564969,71803591,1586390442719,3,7344.0,BTC-PERPETUAL,7346.65,sell,3500.0,
44564970,71803592,1586390442719,3,7344.0,BTC-PERPETUAL,7346.65,sell,1000.0,
44564971,71803593,1586390442719,2,7343.5,BTC-PERPETUAL,7346.65,sell,200.0,
44564972,71803594,1586390442719,3,7343.5,BTC-PERPETUAL,7346.65,sell,50.0,
44564973,71803595,1586390442719,2,7343.0,BTC-PERPETUAL,7346.65,sell,200.0,
44564974,71803596,1586390442719,3,7343.0,BTC-PERPETUAL,7346.65,sell,50.0,
44564975,71803597,1586390442719,3,7343.0,BTC-PERPETUAL,7346.65,sell,10.0,
44564976,71803598,1586390442719,2,7342.0,BTC-PERPETUAL,7346.65,sell,20.0,
44564977,71803599,1586390442719,3,7342.0,BTC-PERPETUAL,7346.65,sell,90.0,
44564978,71803600,1586390442719,3,7342.0,BTC-PERPETUAL,7346.65,sell,160.0,
44564979,71803601,1586390442719,3,7342.0,BTC-PERPETUAL,7346.65,sell,20.0,
44564980,71803602,1586390442719,3,7342.0,BTC-PERPETUAL,7346.65,sell,470.0,
44564981,71803603,1586390442719,3,7342.0,BTC-PERPETUAL,7346.65,sell,60.0,
44564982,71803604,1586390442719,3,7342.0,BTC-PERPETUAL,7346.65,sell,300.0,
44564983,71803605,1586390442719,3,7342.0,BTC-PERPETUAL,7346.65,sell,700.0,
44564984,71803606,1586390442740,3,7342.0,BTC-PERPETUAL,7346.65,sell,2200.0,
44564985,71803607,1586390442740,2,7341.5,BTC-PERPETUAL,7346.65,sell,20.0,
44564986,71803608,1586390442740,3,7341.5,BTC-PERPETUAL,7346.65,sell,960.0,
44564987,71803609,1586390442740,2,7341.0,BTC-PERPETUAL,7346.65,sell,240.0,
44564988,71803610,1586390442740,3,7341.0,BTC-PERPETUAL,7346.65,sell,60.0,
44564989,71803611,1586390442740,3,7341.0,BTC-PERPETUAL,7346.65,sell,10.0,
44564990,71803612,1586390442740,2,7340.5,BTC-PERPETUAL,7346.65,sell,960.0,
44564991,71803613,1586390442740,3,7340.5,BTC-PERPETUAL,7346.65,sell,550.0,
44564992,71803614,1586390442773,3,7340.5,BTC-PERPETUAL,7346.65,sell,410.0,
44564993,71803615,1586390442773,2,7340.0,BTC-PERPETUAL,7346.65,sell,10.0,
44564994,71803616,1586390442773,3,7340.0,BTC-PERPETUAL,7346.65,sell,10.0,
44564995,71803617,1586390442773,2,7339.5,BTC-PERPETUAL,7346.65,sell,110.0,
44564996,71803618,1586390442773,3,7339.5,BTC-PERPETUAL,7346.65,sell,1830.0,
44564997,71803619,1586390442773,2,7339.0,BTC-PERPETUAL,7346.65,sell,2500.0,
44564998,71803620,1586390442773,3,7339.0,BTC-PERPETUAL,7346.65,sell,970.0,
44564999,71803621,1586390442773,2,7338.5,BTC-PERPETUAL,7346.65,sell,460.0,
44565000,71803622,1586390442773,3,7338.5,BTC-PERPETUAL,7346.65,sell,1800.0,
44565001,71803623,1586390442773,2,7338.0,BTC-PERPETUAL,7346.65,sell,460.0,
44565002,71803624,1586390442773,2,7337.5,BTC-PERPETUAL,7346.65,sell,460.0,
44565003,71803625,1586390442773,3,7337.5,BTC-PERPETUAL,7346.65,sell,60.0,
44565004,71803626,1586390442773,3,7337.5,BTC-PERPETUAL,7346.65,sell,60.0,
44565005,71803627,1586390442773,3,7337.5,BTC-PERPETUAL,7346.65,sell,60.0,
44565006,71803628,1586390442773,3,7337.5,BTC-PERPETUAL,7346.65,sell,60.0,
44565007,71803629,1586390442773,3,7337.5,BTC-PERPETUAL,7346.65,sell,60.0,
44565008,71803630,1586390442773,3,7337.5,BTC-PERPETUAL,7346.65,sell,60.0,
44565009,71803631,1586390442773,3,7337.5,BTC-PERPETUAL,7346.65,sell,31370.0,
44565010,71803632,1586390442773,3,7337.5,BTC-PERPETUAL,7346.65,sell,9250.0,
44565011,71803633,1586390442813,2,7337.0,BTC-PERPETUAL,7346.65,sell,20.0,
44565012,71803634,1586390442813,3,7337.0,BTC-PERPETUAL,7346.65,sell,300.0,
44565013,71803635,1586390442813,3,7337.0,BTC-PERPETUAL,7346.65,sell,300.0,
44565014,71803636,1586390442813,3,7337.0,BTC-PERPETUAL,7346.65,sell,40.0,
44565015,71803637,1586390442813,3,7337.0,BTC-PERPETUAL,7346.65,sell,10.0,
44565016,71803638,1586390442813,3,7337.0,BTC-PERPETUAL,7346.65,sell,2500.0,
44565017,71803639,1586390442813,3,7337.0,BTC-PERPETUAL,7346.65,sell,11830.0,
44565018,71803640,1586390442814,3,7337.0,BTC-PERPETUAL,7346.65,sell,1000.0,
44565019,71803641,1586390442834,3,7337.0,BTC-PERPETUAL,7346.65,sell,1000.0,
44565020,71803642,1586390442994,0,7338.5,BTC-PERPETUAL,7346.65,buy,1820.0,
44565021,71803643,1586390443587,2,7338.0,BTC-PERPETUAL,7347.01,sell,50.0,
44565022,71803644,1586390444020,0,7338.5,BTC-PERPETUAL,7347.01,buy,3320.0,
44565023,71803645,1586390444252,1,7338.5,BTC-PERPETUAL,7345.73,buy,2400.0,
44565024,71803647,1586390445139,2,7338.0,BTC-PERPETUAL,7344.97,sell,160.0,
44565025,71803650,1586390445361,3,7338.0,BTC-PERPETUAL,7344.97,sell,840.0,
44565026,71803651,1586390445361,3,7338.0,BTC-PERPETUAL,7344.97,sell,30.0,
44565027,71803652,1586390445361,3,7338.0,BTC-PERPETUAL,7344.97,sell,240.0,
44565028,71803653,1586390445361,3,7338.0,BTC-PERPETUAL,7344.97,sell,250.0,
44565029,71803654,1586390445361,3,7338.0,BTC-PERPETUAL,7344.97,sell,200.0,
44565030,71803656,1586390445369,3,7338.0,BTC-PERPETUAL,7344.97,sell,3120.0,
44565031,71803657,1586390445369,3,7338.0,BTC-PERPETUAL,7344.97,sell,2400.0,
44565032,71803658,1586390445398,2,7337.0,BTC-PERPETUAL,7344.97,sell,1620.0,
44565033,71803659,1586390445398,3,7337.0,BTC-PERPETUAL,7344.97,sell,20.0,
44565034,71803665,1586390446687,2,7336.5,BTC-PERPETUAL,7342.85,sell,50.0,
44565035,71803666,1586390447928,3,7336.5,BTC-PERPETUAL,7343.18,sell,950.0,
44565036,71803667,1586390447928,3,7336.5,BTC-PERPETUAL,7343.18,sell,20.0,
44565037,71803668,1586390447928,3,7336.5,BTC-PERPETUAL,7343.18,sell,220.0,
44565038,71803669,1586390447975,2,7336.0,BTC-PERPETUAL,7343.18,sell,10.0,
44565039,71803670,1586390447975,3,7336.0,BTC-PERPETUAL,7343.18,sell,160.0,
44565040,71803671,1586390448159,2,7335.0,BTC-PERPETUAL,7342.98,sell,250.0,
44565041,71803672,1586390448159,3,7335.0,BTC-PERPETUAL,7342.98,sell,10.0,
44565042,71803673,1586390448167,2,7334.5,BTC-PERPETUAL,7342.98,sell,40.0,
44565043,71803674,1586390448167,3,7334.5,BTC-PERPETUAL,7342.98,sell,40.0,
44565044,71803675,1586390448167,3,7334.5,BTC-PERPETUAL,7342.98,sell,920.0,
44565045,71803676,1586390448175,3,7334.5,BTC-PERPETUAL,7342.98,sell,1000.0,
44565046,71803678,1586390449825,3,7334.5,BTC-PERPETUAL,7340.47,sell,580.0,
44565047,71803679,1586390449825,3,7334.5,BTC-PERPETUAL,7340.47,sell,1620.0,
44565048,71803680,1586390449825,3,7334.5,BTC-PERPETUAL,7340.47,sell,220.0,
44565049,71803681,1586390449825,3,7334.5,BTC-PERPETUAL,7340.47,sell,13850.0,
44565050,71803683,1586390451847,3,7334.5,BTC-PERPETUAL,7339.0,sell,20.0,
44565051,71803684,1586390451847,3,7334.5,BTC-PERPETUAL,7339.0,sell,220.0,
44565052,71803685,1586390451847,3,7334.5,BTC-PERPETUAL,7339.0,sell,760.0,
44565053,71803686,1586390452057,0,7335.0,BTC-PERPETUAL,7339.0,buy,170.0,
44565054,71803687,1586390452451,1,7335.0,BTC-PERPETUAL,7339.31,buy,10.0,
44565055,71803688,1586390452451,1,7335.0,BTC-PERPETUAL,7339.31,buy,1790.0,
44565056,71803689,1586390452620,2,7334.5,BTC-PERPETUAL,7339.31,sell,2500.0,T
44565057,71803691,1586390455499,3,7334.5,BTC-PERPETUAL,7337.83,buy,20.0,
44565058,71803692,1586390455499,3,7334.5,BTC-PERPETUAL,7337.83,buy,17660.0,
44565059,71803694,1586390456086,3,7334.5,BTC-PERPETUAL,7337.83,buy,10520.0,
44565060,71803695,1586390456106,3,7334.5,BTC-PERPETUAL,7337.83,buy,1810.0,
44565061,71803696,1586390456557,0,7335.0,BTC-PERPETUAL,7338.64,buy,30.0,
44565062,71803698,1586390457408,0,7335.5,BTC-PERPETUAL,7339.08,buy,30.0,
44565063,71803699,1586390457408,1,7335.5,BTC-PERPETUAL,7339.08,buy,20.0,
44565064,71803700,1586390458301,0,7338.0,BTC-PERPETUAL,7340.04,buy,10.0,
44565065,71803701,1586390458301,1,7338.0,BTC-PERPETUAL,7340.04,buy,6060.0,
44565066,71803702,1586390459516,0,7338.5,BTC-PERPETUAL,7340.7,buy,1000.0,
44565067,71803703,1586390459516,1,7338.5,BTC-PERPETUAL,7340.7,buy,10.0,
44565068,71803704,1586390459516,1,7338.5,BTC-PERPETUAL,7340.7,buy,10.0,
44565069,71803712,1586390465290,0,7340.0,BTC-PERPETUAL,7342.47,buy,30.0,
44565070,71803713,1586390465290,1,7340.0,BTC-PERPETUAL,7342.47,buy,30.0,
44565071,71803714,1586390465290,1,7340.0,BTC-PERPETUAL,7342.47,buy,10.0,
44565072,71803715,1586390465290,0,7341.0,BTC-PERPETUAL,7342.47,buy,10.0,
44565073,71803716,1586390465290,1,7341.0,BTC-PERPETUAL,7342.47,buy,420.0,
44565074,71803718,1586390466618,1,7341.0,BTC-PERPETUAL,7344.13,sell,1000.0,
44565075,71803719,1586390467466,0,7341.5,BTC-PERPETUAL,7344.7,buy,30.0,
44565076,71803720,1586390467466,1,7341.5,BTC-PERPETUAL,7344.7,buy,30.0,
44565077,71803721,1586390467466,1,7341.5,BTC-PERPETUAL,7344.7,buy,940.0,
44565078,71803723,1586390467475,1,7341.5,BTC-PERPETUAL,7344.7,buy,620.0,
44565079,71803724,1586390467488,0,7342.5,BTC-PERPETUAL,7344.7,buy,460.0,
44565080,71803725,1586390467506,0,7343.0,BTC-PERPETUAL,7344.7,buy,130.0,
44565081,71803726,1586390467506,1,7343.0,BTC-PERPETUAL,7344.7,buy,60.0,
44565082,71803729,1586390467540,0,7343.5,BTC-PERPETUAL,7344.7,buy,470.0,
44565083,71803730,1586390467540,0,7344.0,BTC-PERPETUAL,7344.7,buy,10.0,
44565084,71803731,1586390467540,1,7344.0,BTC-PERPETUAL,7344.7,buy,10.0,
44565085,71803732,1586390467540,1,7344.0,BTC-PERPETUAL,7344.7,buy,110.0,
44565086,71803733,1586390467842,0,7344.5,BTC-PERPETUAL,7344.7,buy,20.0,
44565087,71803734,1586390467842,0,7345.0,BTC-PERPETUAL,7344.7,buy,210.0,
44565088,71803735,1586390467983,1,7345.0,BTC-PERPETUAL,7344.7,buy,90.0,
44565089,71803736,1586390467983,1,7345.0,BTC-PERPETUAL,7344.7,buy,300.0,
44565090,71803737,1586390469512,0,7346.5,BTC-PERPETUAL,7346.82,buy,10.0,
44565091,71803738,1586390469512,1,7346.5,BTC-PERPETUAL,7346.82,buy,490.0,
44565092,71803739,1586390470008,0,7347.0,BTC-PERPETUAL,7346.82,buy,10.0,
44565093,71803740,1586390470008,1,7347.0,BTC-PERPETUAL,7346.82,buy,10.0,
44565094,71803741,1586390470008,1,7347.0,BTC-PERPETUAL,7346.82,buy,20320.0,
44565095,71803742,1586390470012,1,7347.0,BTC-PERPETUAL,7346.82,buy,10590.0,
44565096,71803743,1586390470014,1,7347.0,BTC-PERPETUAL,7346.82,buy,390.0,
44565097,71803744,1586390470041,0,7348.0,BTC-PERPETUAL,7346.82,buy,2730.0,
44565098,71803745,1586390470042,1,7348.0,BTC-PERPETUAL,7346.82,buy,500.0,
44565099,71803746,1586390470077,0,7349.5,BTC-PERPETUAL,7346.82,buy,1000.0,
44565100,71803747,1586390470308,0,7350.0,BTC-PERPETUAL,7347.01,buy,10.0,
44565101,71803748,1586390470308,1,7350.0,BTC-PERPETUAL,7347.01,buy,1550.0,
44565102,71803749,1586390470341,1,7350.0,BTC-PERPETUAL,7347.01,buy,10.0,
44565103,71803750,1586390470341,1,7350.0,BTC-PERPETUAL,7347.01,buy,500.0,
44565104,71803751,1586390470415,0,7351.0,BTC-PERPETUAL,7347.01,buy,10.0,
44565105,71803752,1586390470415,1,7351.0,BTC-PERPETUAL,7347.01,buy,50.0,
44565106,71803753,1586390470415,1,7351.0,BTC-PERPETUAL,7347.01,buy,10.0,
44565107,71803754,1586390470415,1,7351.0,BTC-PERPETUAL,7347.01,buy,50.0,
44565108,71803755,1586390470415,1,7351.0,BTC-PERPETUAL,7347.01,buy,10.0,
44565109,71803756,1586390470415,0,7352.0,BTC-PERPETUAL,7347.01,buy,20.0,
44565110,71803757,1586390470415,1,7352.0,BTC-PERPETUAL,7347.01,buy,40.0,
44565111,71803758,1586390470415,0,7353.0,BTC-PERPETUAL,7347.01,buy,50.0,
44565112,71803759,1586390470415,1,7353.0,BTC-PERPETUAL,7347.01,buy,10.0,
44565113,71803760,1586390470415,1,7353.0,BTC-PERPETUAL,7347.01,buy,210.0,
44565114,71803761,1586390470415,1,7353.0,BTC-PERPETUAL,7347.01,buy,10.0,
44565115,71803762,1586390470415,1,7353.0,BTC-PERPETUAL,7347.01,buy,130.0,
44565116,71803763,1586390470727,1,7353.0,BTC-PERPETUAL,7347.01,buy,2070.0,
44565117,71803764,1586390470727,1,7353.0,BTC-PERPETUAL,7347.01,buy,300.0,
44565118,71803765,1586390470727,1,7353.0,BTC-PERPETUAL,7347.01,buy,240.0,
44565119,71803766,1586390470727,0,7353.5,BTC-PERPETUAL,7347.01,buy,3090.0,
44565120,71803769,1586390471846,2,7352.5,BTC-PERPETUAL,7350.05,sell,50.0,
44565121,71803771,1586390476439,3,7352.5,BTC-PERPETUAL,7354.38,sell,10.0,
44565122,71803772,1586390476439,3,7352.5,BTC-PERPETUAL,7354.38,sell,10.0,
44565123,71803773,1586390476439,3,7352.5,BTC-PERPETUAL,7354.38,sell,30.0,
44565124,71803774,1586390476471,2,7352.0,BTC-PERPETUAL,7354.38,sell,220.0,
44565125,71803776,1586390476525,2,7350.5,BTC-PERPETUAL,7354.38,sell,6030.0,
44565126,71803777,1586390476595,2,7349.5,BTC-PERPETUAL,7354.38,sell,10.0,
44565127,71803778,1586390476595,3,7349.5,BTC-PERPETUAL,7354.38,sell,1000.0,
44565128,71803779,1586390476595,3,7349.5,BTC-PERPETUAL,7354.38,sell,3670.0,
44565129,71803780,1586390476595,2,7349.0,BTC-PERPETUAL,7354.38,sell,1310.0,
44565130,71803781,1586390476595,3,7349.0,BTC-PERPETUAL,7354.38,sell,460.0,
44565131,71803782,1586390476595,3,7349.0,BTC-PERPETUAL,7354.38,sell,110.0,
44565132,71803783,1586390476595,3,7349.0,BTC-PERPETUAL,7354.38,sell,300.0,
44565133,71803784,1586390476595,3,7349.0,BTC-PERPETUAL,7354.38,sell,1800.0,
44565134,71803785,1586390476595,2,7348.5,BTC-PERPETUAL,7354.38,sell,1300.0,
44565135,71803786,1586390476595,3,7348.5,BTC-PERPETUAL,7354.38,sell,10040.0,
44565136,71803791,1586390476667,3,7348.5,BTC-PERPETUAL,7354.38,sell,21260.0,
44565137,71803792,1586390476667,2,7348.0,BTC-PERPETUAL,7354.38,sell,1800.0,
44565138,71803793,1586390476667,2,7347.5,BTC-PERPETUAL,7354.38,sell,120.0,
44565139,71803798,1586390477211,2,7347.0,BTC-PERPETUAL,7354.38,sell,4680.0,
44565140,71803799,1586390477486,3,7347.0,BTC-PERPETUAL,7351.52,sell,10.0,
44565141,71803800,1586390477486,3,7347.0,BTC-PERPETUAL,7351.52,sell,10.0,
44565142,71803801,1586390478004,2,7346.0,BTC-PERPETUAL,7351.52,sell,10.0,
44565143,71803802,1586390478004,3,7346.0,BTC-PERPETUAL,7351.52,sell,14630.0,
44565144,71803803,1586390478016,2,7345.5,BTC-PERPETUAL,7351.52,sell,10.0,
44565145,71803804,1586390478646,2,7344.5,BTC-PERPETUAL,7348.82,sell,10.0,
44565146,71803805,1586390478646,3,7344.5,BTC-PERPETUAL,7348.82,sell,20.0,
44565147,71803806,1586390478646,3,7344.5,BTC-PERPETUAL,7348.82,sell,3500.0,
44565148,71803807,1586390478730,2,7344.0,BTC-PERPETUAL,7348.82,sell,20.0,
44565149,71803808,1586390478730,3,7344.0,BTC-PERPETUAL,7348.82,sell,10.0,
44565150,71803809,1586390478730,3,7344.0,BTC-PERPETUAL,7348.82,sell,10.0,
44565151,71803810,1586390478730,3,7344.0,BTC-PERPETUAL,7348.82,sell,60.0,
44565152,71803813,1586390478862,2,7343.0,BTC-PERPETUAL,7348.82,sell,10.0,
44565153,71803814,1586390478862,3,7343.0,BTC-PERPETUAL,7348.82,sell,10.0,
44565154,71803815,1586390479486,2,7342.5,BTC-PERPETUAL,7348.45,sell,10.0,
44565155,71803816,1586390479486,3,7342.5,BTC-PERPETUAL,7348.45,sell,350.0,
44565156,71803817,1586390479926,2,7342.0,BTC-PERPETUAL,7348.45,sell,40.0,
44565157,71803818,1586390479926,3,7342.0,BTC-PERPETUAL,7348.45,sell,130.0,
44565158,71803819,1586390479953,2,7341.0,BTC-PERPETUAL,7348.45,sell,1000.0,
44565159,71803820,1586390479953,3,7341.0,BTC-PERPETUAL,7348.45,sell,10.0,
44565160,71803821,1586390479953,3,7341.0,BTC-PERPETUAL,7348.45,sell,10.0,
44565161,71803822,1586390479953,3,7341.0,BTC-PERPETUAL,7348.45,sell,10.0,
44565162,71803823,1586390479953,3,7341.0,BTC-PERPETUAL,7348.45,sell,10.0,
44565163,71803824,1586390479971,2,7340.5,BTC-PERPETUAL,7348.45,sell,1000.0,
44565164,71803827,1586390479985,2,7340.0,BTC-PERPETUAL,7348.45,sell,10.0,
44565165,71803828,1586390479985,2,7339.5,BTC-PERPETUAL,7348.45,sell,150.0,
44565166,71803829,1586390479985,3,7339.5,BTC-PERPETUAL,7348.45,sell,1000.0,
44565167,71803830,1586390479985,3,7339.5,BTC-PERPETUAL,7348.45,sell,10.0,
44565168,71803836,1586390480016,2,7339.0,BTC-PERPETUAL,7348.45,sell,300.0,
44565169,71803837,1586390480019,2,7338.5,BTC-PERPETUAL,7348.45,sell,10.0,
44565170,71803838,1586390480019,2,7337.5,BTC-PERPETUAL,7348.45,sell,10.0,
44565171,71803839,1586390480019,3,7337.5,BTC-PERPETUAL,7348.45,sell,10.0,
44565172,71803840,1586390480019,2,7337.0,BTC-PERPETUAL,7348.45,sell,20.0,
44565173,71803841,1586390480019,3,7337.0,BTC-PERPETUAL,7348.45,sell,300.0,
44565174,71803842,1586390480019,3,7337.0,BTC-PERPETUAL,7348.45,sell,300.0,
44565175,71803843,1586390480019,3,7337.0,BTC-PERPETUAL,7348.45,sell,3050.0,
44565176,71803844,1586390480019,2,7336.5,BTC-PERPETUAL,7348.45,sell,10.0,
44565177,71803845,1586390480019,2,7336.0,BTC-PERPETUAL,7348.45,sell,5410.0,
44565178,71803847,1586390480102,0,7336.5,BTC-PERPETUAL,7348.45,sell,20.0,
44565179,71803848,1586390480108,1,7336.5,BTC-PERPETUAL,7348.45,sell,7060.0,
44565180,71803849,1586390480112,1,7336.5,BTC-PERPETUAL,7348.45,sell,830.0,
44565181,71803850,1586390480112,2,7336.0,BTC-PERPETUAL,7348.45,sell,3400.0,
44565182,71803851,1586390480112,3,7336.0,BTC-PERPETUAL,7348.45,sell,770.0,
44565183,71803852,1586390480113,3,7336.0,BTC-PERPETUAL,7348.45,sell,60.0,
44565184,71803854,1586390480115,0,7336.5,BTC-PERPETUAL,7348.45,sell,10.0,
44565185,71803858,1586390480136,2,7335.5,BTC-PERPETUAL,7348.45,sell,660.0,
44565186,71803860,1586390480164,2,7335.0,BTC-PERPETUAL,7348.45,sell,660.0,
44565187,71803861,1586390480164,3,7335.0,BTC-PERPETUAL,7348.45,sell,2000.0,
44565188,71803864,1586390480297,0,7335.5,BTC-PERPETUAL,7348.45,sell,22010.0,
44565189,71803865,1586390480297,1,7335.5,BTC-PERPETUAL,7348.45,sell,10.0,
44565190,71803866,1586390480297,2,7334.0,BTC-PERPETUAL,7348.45,sell,10.0,
44565191,71803867,1586390480297,3,7334.0,BTC-PERPETUAL,7348.45,sell,950.0,
44565192,71803868,1586390480302,3,7334.0,BTC-PERPETUAL,7348.45,sell,1890.0,
44565193,71803875,1586390480389,3,7334.0,BTC-PERPETUAL,7345.86,sell,3410.0,
44565194,71803876,1586390480479,3,7334.0,BTC-PERPETUAL,7345.86,sell,6300.0,
44565195,71803879,1586390480541,3,7334.0,BTC-PERPETUAL,7345.86,sell,3410.0,
44565196,71803880,1586390480577,3,7334.0,BTC-PERPETUAL,7345.86,sell,2080.0,
44565197,71803881,1586390480609,3,7334.0,BTC-PERPETUAL,7345.86,sell,210.0,
44565198,71803882,1586390480609,2,7333.5,BTC-PERPETUAL,7345.86,sell,40.0,
44565199,71803883,1586390480609,3,7333.5,BTC-PERPETUAL,7345.86,sell,130.0,
44565200,71803884,1586390480609,3,7333.5,BTC-PERPETUAL,7345.86,sell,160.0,
44565201,71803885,1586390480609,3,7333.5,BTC-PERPETUAL,7345.86,sell,470.0,
44565202,71803886,1586390480609,2,7333.0,BTC-PERPETUAL,7345.86,sell,1600.0,
44565203,71803887,1586390480609,3,7333.0,BTC-PERPETUAL,7345.86,sell,130.0,
44565204,71803888,1586390480609,3,7333.0,BTC-PERPETUAL,7345.86,sell,670.0,
44565205,71803889,1586390480614,3,7333.0,BTC-PERPETUAL,7345.86,sell,160.0,
44565206,71803890,1586390480614,3,7333.0,BTC-PERPETUAL,7345.86,sell,60.0,
44565207,71803891,1586390480614,2,7332.5,BTC-PERPETUAL,7345.86,sell,60.0,
44565208,71803892,1586390480614,3,7332.5,BTC-PERPETUAL,7345.86,sell,90.0,
44565209,71803893,1586390480614,3,7332.5,BTC-PERPETUAL,7345.86,sell,40.0,
44565210,71803894,1586390480614,2,7332.0,BTC-PERPETUAL,7345.86,sell,30.0,
44565211,71803895,1586390480614,3,7332.0,BTC-PERPETUAL,7345.86,sell,100.0,
44565212,71803896,1586390480614,3,7332.0,BTC-PERPETUAL,7345.86,sell,60.0,
44565213,71803897,1586390480614,3,7332.0,BTC-PERPETUAL,7345.86,sell,400.0,
44565214,71803898,1586390480621,3,7332.0,BTC-PERPETUAL,7345.86,sell,2100.0,
44565215,71803899,1586390480621,3,7332.0,BTC-PERPETUAL,7345.86,sell,250.0,
44565216,71803900,1586390480621,3,7332.0,BTC-PERPETUAL,7345.86,sell,11650.0,
44565217,71803901,1586390480632,3,7332.0,BTC-PERPETUAL,7345.86,sell,300.0,
44565218,71803902,1586390480811,2,7331.5,BTC-PERPETUAL,7345.86,sell,160.0,
44565219,71803903,1586390480811,3,7331.5,BTC-PERPETUAL,7345.86,sell,160.0,
44565220,71803904,1586390480811,3,7331.5,BTC-PERPETUAL,7345.86,sell,1710.0,
44565221,71803905,1586390480811,2,7331.0,BTC-PERPETUAL,7345.86,sell,160.0,
44565222,71803906,1586390480811,3,7331.0,BTC-PERPETUAL,7345.86,sell,160.0,
44565223,71803907,1586390480811,3,7331.0,BTC-PERPETUAL,7345.86,sell,160.0,
44565224,71803908,1586390480811,3,7331.0,BTC-PERPETUAL,7345.86,sell,120.0,
44565225,71803910,1586390481281,3,7331.0,BTC-PERPETUAL,7345.86,sell,40.0,
44565226,71803911,1586390481281,3,7331.0,BTC-PERPETUAL,7345.86,sell,10.0,
44565227,71803912,1586390481281,3,7331.0,BTC-PERPETUAL,7345.86,sell,1300.0,
44565228,71803913,1586390481507,2,7330.5,BTC-PERPETUAL,7340.95,sell,110.0,
44565229,71803914,1586390481507,3,7330.5,BTC-PERPETUAL,7340.95,sell,600.0,
44565230,71803915,1586390481507,3,7330.5,BTC-PERPETUAL,7340.95,sell,6260.0,
44565231,71803916,1586390481509,3,7330.5,BTC-PERPETUAL,7340.95,sell,2940.0,
44565232,71803919,1586390481516,3,7330.5,BTC-PERPETUAL,7340.95,sell,800.0,
44565233,71803920,1586390481524,2,7330.0,BTC-PERPETUAL,7340.95,sell,10.0,
44565234,71803921,1586390481524,3,7330.0,BTC-PERPETUAL,7340.95,sell,200.0,
44565235,71803922,1586390481524,3,7330.0,BTC-PERPETUAL,7340.95,sell,500.0,
44565236,71803923,1586390481553,2,7329.5,BTC-PERPETUAL,7340.95,sell,20.0,
44565237,71803924,1586390481553,3,7329.5,BTC-PERPETUAL,7340.95,sell,20.0,
44565238,71803925,1586390481553,2,7329.0,BTC-PERPETUAL,7340.95,sell,160.0,
44565239,71803926,1586390481553,3,7329.0,BTC-PERPETUAL,7340.95,sell,160.0,
44565240,71803927,1586390481553,3,7329.0,BTC-PERPETUAL,7340.95,sell,10.0,
44565241,71803928,1586390481553,2,7328.5,BTC-PERPETUAL,7340.95,sell,1600.0,
44565242,71803929,1586390481558,3,7328.5,BTC-PERPETUAL,7340.95,sell,20.0,
44565243,71803930,1586390481558,3,7328.5,BTC-PERPETUAL,7340.95,sell,10.0,
44565244,71803931,1586390481558,3,7328.5,BTC-PERPETUAL,7340.95,sell,330.0,
44565245,71803932,1586390481562,2,7328.0,BTC-PERPETUAL,7340.95,sell,10.0,
44565246,71803933,1586390481562,2,7327.5,BTC-PERPETUAL,7340.95,sell,200.0,
44565247,71803934,1586390481562,3,7327.5,BTC-PERPETUAL,7340.95,sell,2000.0,
44565248,71803935,1586390481562,3,7327.5,BTC-PERPETUAL,7340.95,sell,14660.0,
44565249,71803936,1586390481562,3,7327.5,BTC-PERPETUAL,7340.95,sell,460.0,
44565250,71803937,1586390481562,3,7327.5,BTC-PERPETUAL,7340.95,sell,330.0,
44565251,71803938,1586390481562,2,7327.0,BTC-PERPETUAL,7340.95,sell,40.0,
44565252,71803939,1586390481562,3,7327.0,BTC-PERPETUAL,7340.95,sell,2500.0,
44565253,71803940,1586390481562,2,7326.5,BTC-PERPETUAL,7340.95,sell,10000.0,
44565254,71803941,1586390481562,3,7326.5,BTC-PERPETUAL,7340.95,sell,330.0,
44565255,71803942,1586390481562,2,7326.0,BTC-PERPETUAL,7340.95,sell,10.0,
44565256,71803943,1586390481562,3,7326.0,BTC-PERPETUAL,7340.95,sell,21060.0,
44565257,71803945,1586390482067,0,7326.5,BTC-PERPETUAL,7340.95,buy,240.0,
44565258,71803946,1586390482067,1,7326.5,BTC-PERPETUAL,7340.95,buy,1000.0,
44565259,71803947,1586390482067,1,7326.5,BTC-PERPETUAL,7340.95,buy,1990.0,
44565260,71803949,1586390482089,1,7326.5,BTC-PERPETUAL,7340.95,buy,10.0,
44565261,71803951,1586390482136,0,7328.0,BTC-PERPETUAL,7340.95,buy,140.0,
44565262,71803952,1586390482141,0,7328.5,BTC-PERPETUAL,7340.95,buy,1800.0,
44565263,71803953,1586390482148,0,7329.5,BTC-PERPETUAL,7340.95,buy,760.0,
44565264,71803954,1586390482148,0,7330.0,BTC-PERPETUAL,7340.95,buy,120.0,
44565265,71803955,1586390482153,1,7330.0,BTC-PERPETUAL,7340.95,buy,50.0,
44565266,71803956,1586390482168,2,7329.0,BTC-PERPETUAL,7340.95,buy,1800.0,
44565267,71803957,1586390482171,0,7330.0,BTC-PERPETUAL,7340.95,buy,550.0,
44565268,71803958,1586390482202,1,7330.0,BTC-PERPETUAL,7340.95,buy,1800.0,
44565269,71803959,1586390482202,1,7330.0,BTC-PERPETUAL,7340.95,buy,1700.0,
44565270,71803960,1586390482226,0,7331.0,BTC-PERPETUAL,7340.95,buy,5000.0,
44565271,71803961,1586390482245,1,7331.0,BTC-PERPETUAL,7340.95,sell,3600.0,
44565272,71803962,1586390482245,1,7331.0,BTC-PERPETUAL,7340.95,sell,1400.0,
44565273,71803963,1586390482263,0,7331.5,BTC-PERPETUAL,7340.95,buy,6530.0,
44565274,71803964,1586390482289,1,7331.5,BTC-PERPETUAL,7340.95,buy,2960.0,
44565275,71803966,1586390482305,1,7331.5,BTC-PERPETUAL,7340.95,buy,1900.0,
44565276,71803967,1586390482318,1,7331.5,BTC-PERPETUAL,7340.95,buy,7130.0,
44565277,71803968,1586390482362,1,7331.5,BTC-PERPETUAL,7340.97,buy,4800.0,
44565278,71803970,1586390483365,0,7334.5,BTC-PERPETUAL,7341.36,sell,140.0,
44565279,71803976,1586390486159,2,7331.0,BTC-PERPETUAL,7337.58,sell,20.0,
44565280,71803977,1586390486159,3,7331.0,BTC-PERPETUAL,7337.58,sell,10.0,
44565281,71803978,1586390486159,2,7330.5,BTC-PERPETUAL,7337.58,sell,1000.0,
44565282,71803979,1586390486159,2,7328.0,BTC-PERPETUAL,7337.58,sell,2000.0,
44565283,71803980,1586390486159,2,7327.5,BTC-PERPETUAL,7337.58,sell,1000.0,
44565284,71803981,1586390486159,3,7327.5,BTC-PERPETUAL,7337.58,sell,1230.0,
44565285,71803983,1586390486444,2,7327.0,BTC-PERPETUAL,7336.23,sell,100.0,
44565286,71803984,1586390486444,3,7327.0,BTC-PERPETUAL,7336.23,sell,4900.0,
44565287,71803986,1586390492280,0,7328.0,BTC-PERPETUAL,7335.01,buy,210.0,
44565288,71803987,1586390492726,1,7328.0,BTC-PERPETUAL,7334.89,buy,10.0,
44565289,71803988,1586390492726,1,7328.0,BTC-PERPETUAL,7334.89,buy,30.0,
44565290,71803989,1586390493149,1,7328.0,BTC-PERPETUAL,7334.89,buy,30.0,
44565291,71803990,1586390493149,1,7328.0,BTC-PERPETUAL,7334.89,buy,100.0,
44565292,71803991,1586390493319,1,7328.0,BTC-PERPETUAL,7334.89,buy,50.0,
44565293,71803992,1586390493383,1,7328.0,BTC-PERPETUAL,7334.89,buy,40.0,
44565294,71803993,1586390493527,1,7328.0,BTC-PERPETUAL,7334.93,buy,2000.0,
44565295,71803994,1586390494445,2,7327.5,BTC-PERPETUAL,7333.89,sell,830.0,
44565296,71803995,1586390494445,3,7327.5,BTC-PERPETUAL,7333.89,sell,1000.0,
44565297,71803996,1586390494445,3,7327.5,BTC-PERPETUAL,7333.89,sell,2500.0,
44565298,71803997,1586390494445,3,7327.5,BTC-PERPETUAL,7333.89,sell,9000.0,
44565299,71803998,1586390494445,3,7327.5,BTC-PERPETUAL,7333.89,sell,20.0,
44565300,71803999,1586390494445,3,7327.5,BTC-PERPETUAL,7333.89,sell,20.0,
44565301,71804000,1586390494445,3,7327.5,BTC-PERPETUAL,7333.89,sell,20.0,
44565302,71804001,1586390494445,3,7327.5,BTC-PERPETUAL,7333.89,sell,11610.0,
44565303,71804004,1586390497651,3,7327.5,BTC-PERPETUAL,7333.52,sell,100.0,
44565304,71804005,1586390497651,3,7327.5,BTC-PERPETUAL,7333.52,sell,14900.0,
44565305,71804006,1586390497828,3,7327.5,BTC-PERPETUAL,7333.52,sell,50.0,
44565306,71804007,1586390497828,3,7327.5,BTC-PERPETUAL,7333.52,sell,450.0,
44565307,71804008,1586390498244,0,7328.0,BTC-PERPETUAL,7333.52,buy,20.0,
44565308,71804009,1586390498381,1,7328.0,BTC-PERPETUAL,7333.52,buy,60.0,
44565309,71804013,1586390501230,1,7328.0,BTC-PERPETUAL,7332.79,buy,900.0,
44565310,71804014,1586390502887,1,7328.0,BTC-PERPETUAL,7333.12,buy,110.0,
44565311,71804015,1586390503529,1,7328.0,BTC-PERPETUAL,7332.74,buy,10.0,
44565312,71804016,1586390503529,1,7328.0,BTC-PERPETUAL,7332.74,buy,1800.0,
44565313,71804017,1586390503529,1,7328.0,BTC-PERPETUAL,7332.74,buy,30.0,
44565314,71804018,1586390503529,1,7328.0,BTC-PERPETUAL,7332.74,buy,220.0,
44565315,71804019,1586390503529,1,7328.0,BTC-PERPETUAL,7332.74,buy,1400.0,
44565316,71804020,1586390503529,1,7328.0,BTC-PERPETUAL,7332.74,buy,2550.0,
44565317,71804021,1586390503535,1,7328.0,BTC-PERPETUAL,7332.74,buy,810.0,
44565318,71804022,1586390503553,0,7328.5,BTC-PERPETUAL,7332.74,buy,30.0,
44565319,71804023,1586390503606,0,7329.5,BTC-PERPETUAL,7332.74,buy,460.0,
44565320,71804024,1586390503606,1,7329.5,BTC-PERPETUAL,7332.74,buy,70.0,
44565321,71804025,1586390503606,1,7329.5,BTC-PERPETUAL,7332.74,buy,950.0,
44565322,71804026,1586390504765,0,7331.0,BTC-PERPETUAL,7332.83,buy,100.0,
44565323,71804027,1586390505512,1,7331.0,BTC-PERPETUAL,7332.91,buy,10.0,
44565324,71804028,1586390505512,1,7331.0,BTC-PERPETUAL,7332.91,buy,90.0,
44565325,71804029,1586390505770,1,7331.0,BTC-PERPETUAL,7332.91,buy,10.0,
44565326,71804032,1586390508585,1,7331.0,BTC-PERPETUAL,7333.43,buy,30.0,
44565327,71804033,1586390508606,0,7331.5,BTC-PERPETUAL,7333.43,buy,30.0,
44565328,71804034,1586390508606,1,7331.5,BTC-PERPETUAL,7333.43,buy,110.0,
44565329,71804039,1586390508699,0,7332.0,BTC-PERPETUAL,7333.43,buy,12300.0,
44565330,71804040,1586390508706,1,7332.0,BTC-PERPETUAL,7333.43,buy,7700.0,
44565331,71804041,1586390508707,1,7332.0,BTC-PERPETUAL,7333.43,buy,9200.0,
44565332,71804044,1586390509074,0,7332.5,BTC-PERPETUAL,7333.43,buy,60.0,
44565333,71804045,1586390509074,1,7332.5,BTC-PERPETUAL,7333.43,buy,470.0,
44565334,71804046,1586390509074,1,7332.5,BTC-PERPETUAL,7333.43,buy,19370.0,
44565335,71804047,1586390509076,1,7332.5,BTC-PERPETUAL,7333.43,buy,1500.0,
44565336,71804048,1586390509077,1,7332.5,BTC-PERPETUAL,7333.43,buy,2700.0,
44565337,71804049,1586390509079,1,7332.5,BTC-PERPETUAL,7333.43,buy,7500.0,
44565338,71804050,1586390509080,1,7332.5,BTC-PERPETUAL,7333.43,buy,220.0,
44565339,71804051,1586390509138,0,7334.0,BTC-PERPETUAL,7333.43,buy,10.0,
44565340,71804052,1586390509138,1,7334.0,BTC-PERPETUAL,7333.43,buy,1170.0,
44565341,71804053,1586390509715,0,7334.5,BTC-PERPETUAL,7335.2,buy,20.0,
44565342,71804054,1586390509715,1,7334.5,BTC-PERPETUAL,7335.2,buy,20.0,
44565343,71804055,1586390509715,1,7334.5,BTC-PERPETUAL,7335.2,buy,20.0,
44565344,71804056,1586390509715,1,7334.5,BTC-PERPETUAL,7335.2,buy,460.0,
44565345,71804057,1586390509777,0,7336.5,BTC-PERPETUAL,7335.2,buy,50.0,
44565346,71804058,1586390510359,0,7337.0,BTC-PERPETUAL,7335.2,buy,60.0,
44565347,71804059,1586390510359,1,7337.0,BTC-PERPETUAL,7335.2,buy,60.0,
44565348,71804060,1586390510359,1,7337.0,BTC-PERPETUAL,7335.2,buy,20.0,
44565349,71804061,1586390510359,1,7337.0,BTC-PERPETUAL,7335.2,buy,10.0,
44565350,71804062,1586390510359,1,7337.0,BTC-PERPETUAL,7335.2,buy,1850.0,
44565351,71804063,1586390510755,0,7338.0,BTC-PERPETUAL,7337.65,buy,10.0,
44565352,71804064,1586390510862,0,7339.5,BTC-PERPETUAL,7337.65,buy,1460.0,
44565353,71804065,1586390511850,1,7339.5,BTC-PERPETUAL,7338.11,buy,340.0,
44565354,71804066,1586390511850,1,7339.5,BTC-PERPETUAL,7338.11,buy,30.0,
44565355,71804067,1586390511850,1,7339.5,BTC-PERPETUAL,7338.11,buy,420.0,
44565356,71804068,1586390511941,1,7339.5,BTC-PERPETUAL,7338.11,buy,50.0,
44565357,71804073,1586390513805,1,7339.5,BTC-PERPETUAL,7339.44,buy,500.0,
44565358,71804081,1586390519883,1,7339.5,BTC-PERPETUAL,7341.17,buy,30.0,
44565359,71804082,1586390519883,1,7339.5,BTC-PERPETUAL,7341.17,buy,10.0,
44565360,71804083,1586390519883,1,7339.5,BTC-PERPETUAL,7341.17,buy,10.0,
44565361,71804084,1586390520211,2,7339.0,BTC-PERPETUAL,7341.17,sell,20.0,
44565362,71804085,1586390520753,3,7339.0,BTC-PERPETUAL,7340.05,buy,100.0,
44565363,71804086,1586390521463,2,7338.0,BTC-PERPETUAL,7340.05,buy,100.0,
44565364,71804087,1586390522228,3,7338.0,BTC-PERPETUAL,7339.84,buy,100.0,
44565365,71804089,1586390523057,3,7338.0,BTC-PERPETUAL,7339.58,buy,100.0,
44565366,71804090,1586390531489,3,7338.0,BTC-PERPETUAL,7339.79,buy,10.0,
44565367,71804091,1586390531489,0,7338.5,BTC-PERPETUAL,7339.79,buy,90.0,
44565368,71804092,1586390532386,1,7338.5,BTC-PERPETUAL,7340.15,buy,100.0,
44565369,71804093,1586390533149,1,7338.5,BTC-PERPETUAL,7340.05,buy,100.0,
44565370,71804094,1586390533762,1,7338.5,BTC-PERPETUAL,7340.02,buy,100.0,
44565371,71804095,1586390534500,1,7338.5,BTC-PERPETUAL,7340.02,buy,10.0,
44565372,71804096,1586390534500,1,7338.5,BTC-PERPETUAL,7340.02,buy,10.0,
44565373,71804097,1586390534500,0,7340.0,BTC-PERPETUAL,7340.02,buy,10.0,
44565374,71804098,1586390534500,1,7340.0,BTC-PERPETUAL,7340.02,buy,50.0,
44565375,71804099,1586390534500,1,7340.0,BTC-PERPETUAL,7340.02,buy,10.0,
44565376,71804100,1586390534500,1,7340.0,BTC-PERPETUAL,7340.02,buy,10.0,
44565377,71804101,1586390535082,1,7340.0,BTC-PERPETUAL,7340.37,buy,50.0,
44565378,71804102,1586390535275,1,7340.0,BTC-PERPETUAL,7340.37,buy,100.0,
44565379,71804103,1586390536139,1,7340.0,BTC-PERPETUAL,7340.36,buy,100.0,
44565380,71804104,1586390536746,2,7339.5,BTC-PERPETUAL,7340.51,sell,20.0,
44565381,71804105,1586390536885,0,7340.0,BTC-PERPETUAL,7340.51,buy,100.0,
44565382,71804106,1586390537690,1,7340.0,BTC-PERPETUAL,7340.51,buy,100.0,
44565383,71804107,1586390538347,1,7340.0,BTC-PERPETUAL,7340.25,buy,100.0,
44565384,71804108,1586390539042,1,7340.0,BTC-PERPETUAL,7340.06,buy,100.0,
44565385,71804109,1586390539838,1,7340.0,BTC-PERPETUAL,7339.89,buy,100.0,
44565386,71804110,1586390540690,1,7340.0,BTC-PERPETUAL,7339.89,buy,100.0,
44565387,71804111,1586390555203,1,7340.0,BTC-PERPETUAL,7339.42,buy,950.0,
44565388,71804112,1586390555203,1,7340.0,BTC-PERPETUAL,7339.42,buy,1000.0,
44565389,71804113,1586390555203,1,7340.0,BTC-PERPETUAL,7339.42,buy,2090.0,
44565390,71804114,1586390555205,1,7340.0,BTC-PERPETUAL,7339.42,buy,410.0,
44565391,71804115,1586390555205,1,7340.0,BTC-PERPETUAL,7339.42,buy,1860.0,
44565392,71804116,1586390555231,1,7340.0,BTC-PERPETUAL,7339.42,buy,3400.0,
44565393,71804117,1586390555242,1,7340.0,BTC-PERPETUAL,7339.42,buy,2780.0,
44565394,71804118,1586390555271,1,7340.0,BTC-PERPETUAL,7339.42,buy,8040.0,
44565395,71804120,1586390557989,0,7340.5,BTC-PERPETUAL,7341.42,buy,50.0,
44565396,71804121,1586390557989,1,7340.5,BTC-PERPETUAL,7341.42,buy,10.0,
44565397,71804122,1586390557989,1,7340.5,BTC-PERPETUAL,7341.42,buy,400.0,
44565398,71804125,1586390560814,0,7341.5,BTC-PERPETUAL,7341.86,sell,30.0,
44565399,71804126,1586390560814,1,7341.5,BTC-PERPETUAL,7341.86,sell,1250.0,
44565400,71804127,1586390560881,1,7341.5,BTC-PERPETUAL,7341.86,sell,980.0,
44565401,71804128,1586390561415,1,7341.5,BTC-PERPETUAL,7341.55,sell,730.0,
44565402,71804129,1586390566561,1,7341.5,BTC-PERPETUAL,7342.47,sell,1000.0,
44565403,71804130,1586390566561,1,7341.5,BTC-PERPETUAL,7342.47,sell,10.0,
44565404,71804131,1586390566561,1,7341.5,BTC-PERPETUAL,7342.47,sell,10.0,
44565405,71804132,1586390566561,1,7341.5,BTC-PERPETUAL,7342.47,sell,1380.0,
44565406,71804133,1586390566581,1,7341.5,BTC-PERPETUAL,7342.47,sell,1110.0,
44565407,71804134,1586390566583,1,7341.5,BTC-PERPETUAL,7342.47,sell,6700.0,
44565408,71804135,1586390566584,1,7341.5,BTC-PERPETUAL,7342.47,sell,22900.0,
44565409,71804136,1586390566601,1,7341.5,BTC-PERPETUAL,7342.47,sell,4520.0,
44565410,71804137,1586390566613,1,7341.5,BTC-PERPETUAL,7342.47,sell,3700.0,
44565411,71804138,1586390566620,1,7341.5,BTC-PERPETUAL,7342.47,sell,1000.0,
44565412,71804139,1586390566635,2,7341.0,BTC-PERPETUAL,7342.47,sell,33000.0,
44565413,71804140,1586390566640,3,7341.0,BTC-PERPETUAL,7342.47,sell,300.0,
44565414,71804141,1586390566676,2,7340.0,BTC-PERPETUAL,7342.47,sell,100.0,
44565415,71804143,1586390569321,2,7339.5,BTC-PERPETUAL,7340.56,sell,10.0,
44565416,71804144,1586390569321,3,7339.5,BTC-PERPETUAL,7340.56,sell,5000.0,
44565417,71804145,1586390569321,3,7339.5,BTC-PERPETUAL,7340.56,sell,100.0,
44565418,71804146,1586390569321,3,7339.5,BTC-PERPETUAL,7340.56,sell,10.0,
44565419,71804147,1586390569321,3,7339.5,BTC-PERPETUAL,7340.56,sell,10.0,
44565420,71804148,1586390569332,2,7339.0,BTC-PERPETUAL,7340.56,sell,10.0,
44565421,71804149,1586390569332,3,7339.0,BTC-PERPETUAL,7340.56,sell,10.0,
44565422,71804150,1586390569362,2,7338.5,BTC-PERPETUAL,7340.56,sell,60.0,
44565423,71804151,1586390569362,3,7338.5,BTC-PERPETUAL,7340.56,sell,10.0,
44565424,71804154,1586390569459,2,7337.5,BTC-PERPETUAL,7340.56,sell,150.0,
44565425,71804155,1586390569459,3,7337.5,BTC-PERPETUAL,7340.56,sell,60.0,
44565426,71804156,1586390572528,2,7335.5,BTC-PERPETUAL,7338.52,sell,10.0,
44565427,71804157,1586390572528,3,7335.5,BTC-PERPETUAL,7338.52,sell,10.0,
44565428,71804159,1586390583456,0,7338.0,BTC-PERPETUAL,7337.72,sell,2000.0,
44565429,71804160,1586390583456,1,7338.0,BTC-PERPETUAL,7337.72,sell,12730.0,
44565430,71804162,1586390586152,0,7338.5,BTC-PERPETUAL,7339.51,buy,2000.0,
44565431,71804165,1586390586917,0,7340.0,BTC-PERPETUAL,7339.51,buy,10.0,
44565432,71804166,1586390586917,1,7340.0,BTC-PERPETUAL,7339.51,buy,10.0,
44565433,71804167,1586390586917,1,7340.0,BTC-PERPETUAL,7339.51,buy,10.0,
44565434,71804168,1586390586917,1,7340.0,BTC-PERPETUAL,7339.51,buy,100.0,
44565435,71804169,1586390593740,0,7340.5,BTC-PERPETUAL,7341.68,sell,50.0,
44565436,71804170,1586390596206,1,7340.5,BTC-PERPETUAL,7341.99,sell,50.0,
44565437,71804171,1586390596257,0,7341.0,BTC-PERPETUAL,7341.99,buy,600.0,
44565438,71804172,1586390596498,1,7341.0,BTC-PERPETUAL,7341.99,buy,400.0,
44565439,71804173,1586390596498,1,7341.0,BTC-PERPETUAL,7341.99,buy,30.0,
44565440,71804174,1586390596498,1,7341.0,BTC-PERPETUAL,7341.99,buy,30.0,
44565441,71804175,1586390596498,1,7341.0,BTC-PERPETUAL,7341.99,buy,1000.0,
44565442,71804176,1586390596532,0,7342.0,BTC-PERPETUAL,7341.99,buy,40.0,
44565443,71804177,1586390596532,1,7342.0,BTC-PERPETUAL,7341.99,buy,700.0,
44565444,71804180,1586390606196,2,7341.5,BTC-PERPETUAL,7342.21,sell,130.0,
44565445,71804181,1586390606699,3,7341.5,BTC-PERPETUAL,7341.71,sell,10.0,
44565446,71804182,1586390606699,3,7341.5,BTC-PERPETUAL,7341.71,sell,40.0,
44565447,71804183,1586390606699,3,7341.5,BTC-PERPETUAL,7341.71,sell,1000.0,
44565448,71804184,1586390606699,3,7341.5,BTC-PERPETUAL,7341.71,sell,2350.0,
44565449,71804185,1586390606704,3,7341.5,BTC-PERPETUAL,7341.71,sell,20.0,
44565450,71804187,1586390606720,2,7341.0,BTC-PERPETUAL,7341.71,sell,60.0,
44565451,71804188,1586390606720,3,7341.0,BTC-PERPETUAL,7341.71,sell,1000.0,
44565452,71804190,1586390608648,2,7340.5,BTC-PERPETUAL,7340.95,sell,60.0,
44565453,71804191,1586390608648,2,7340.0,BTC-PERPETUAL,7340.95,sell,14940.0,
44565454,71804192,1586390625137,2,7339.0,BTC-PERPETUAL,7340.8,sell,10.0,
44565455,71804193,1586390625137,3,7339.0,BTC-PERPETUAL,7340.8,sell,10.0,
44565456,71804194,1586390625137,3,7339.0,BTC-PERPETUAL,7340.8,sell,100.0,
44565457,71804195,1586390630429,3,7339.0,BTC-PERPETUAL,7341.0,sell,10.0,
44565458,71804196,1586390630429,3,7339.0,BTC-PERPETUAL,7341.0,sell,14680.0,
44565459,71804197,1586390661475,0,7339.5,BTC-PERPETUAL,7341.32,buy,1000.0,
44565460,71804198,1586390661475,1,7339.5,BTC-PERPETUAL,7341.32,buy,30.0,
44565461,71804199,1586390661475,1,7339.5,BTC-PERPETUAL,7341.32,buy,1970.0,
44565462,71804200,1586390661477,1,7339.5,BTC-PERPETUAL,7341.32,buy,760.0,
44565463,71804201,1586390662149,1,7339.5,BTC-PERPETUAL,7341.23,buy,100.0,
44565464,71804202,1586390664563,1,7339.5,BTC-PERPETUAL,7341.36,buy,10.0,
44565465,71804203,1586390664563,1,7339.5,BTC-PERPETUAL,7341.36,buy,90.0,
44565466,71804204,1586390665359,1,7339.5,BTC-PERPETUAL,7341.58,buy,100.0,
44565467,71804205,1586390666198,1,7339.5,BTC-PERPETUAL,7341.47,buy,100.0,
44565468,71804206,1586390666832,1,7339.5,BTC-PERPETUAL,7341.24,buy,30.0,
44565469,71804207,1586390666832,1,7339.5,BTC-PERPETUAL,7341.24,buy,70.0,
44565470,71804208,1586390667590,1,7339.5,BTC-PERPETUAL,7341.24,buy,100.0,
44565471,71804209,1586390680629,1,7339.5,BTC-PERPETUAL,7341.21,buy,30.0,
44565472,71804210,1586390680629,1,7339.5,BTC-PERPETUAL,7341.21,buy,20.0,
44565473,71804211,1586390680629,1,7339.5,BTC-PERPETUAL,7341.21,buy,2460.0,
44565474,71804212,1586390681605,1,7339.5,BTC-PERPETUAL,7340.99,buy,10.0,
44565475,71804213,1586390683116,0,7340.0,BTC-PERPETUAL,7341.64,buy,10.0,
44565476,71804214,1586390683116,1,7340.0,BTC-PERPETUAL,7341.64,buy,10.0,
44565477,71804215,1586390683116,1,7340.0,BTC-PERPETUAL,7341.64,buy,80.0,
44565478,71804216,1586390683952,1,7340.0,BTC-PERPETUAL,7341.64,buy,80.0,
44565479,71804217,1586390683952,1,7340.0,BTC-PERPETUAL,7341.64,buy,20.0,
44565480,71804218,1586390684567,1,7340.0,BTC-PERPETUAL,7341.64,buy,10.0,
44565481,71804221,1586390684693,0,7341.0,BTC-PERPETUAL,7341.64,buy,100.0,
44565482,71804223,1586390685500,1,7341.0,BTC-PERPETUAL,7342.14,buy,30.0,
44565483,71804224,1586390685500,1,7341.0,BTC-PERPETUAL,7342.14,buy,30.0,
44565484,71804225,1586390685500,0,7342.0,BTC-PERPETUAL,7342.14,buy,40.0,
44565485,71804226,1586390685569,1,7342.0,BTC-PERPETUAL,7342.14,buy,320.0,
44565486,71804229,1586390686282,1,7342.0,BTC-PERPETUAL,7343.03,buy,40.0,
44565487,71804230,1586390686282,0,7342.5,BTC-PERPETUAL,7343.03,buy,60.0,
44565488,71804232,1586390687073,1,7342.5,BTC-PERPETUAL,7344.07,buy,100.0,
44565489,71804233,1586390687910,1,7342.5,BTC-PERPETUAL,7344.31,buy,100.0,
44565490,71804234,1586390688449,1,7342.5,BTC-PERPETUAL,7344.31,buy,270.0,
44565491,71804235,1586390688680,0,7343.0,BTC-PERPETUAL,7344.31,buy,10.0,
44565492,71804236,1586390688680,0,7343.5,BTC-PERPETUAL,7344.31,buy,90.0,
44565493,71804237,1586390689509,1,7343.5,BTC-PERPETUAL,7345.04,buy,100.0,
44565494,71804238,1586390690286,0,7344.0,BTC-PERPETUAL,7344.73,buy,100.0,
44565495,71804239,1586390698339,2,7342.0,BTC-PERPETUAL,7342.8,sell,20.0,
44565496,71804240,1586390698339,3,7342.0,BTC-PERPETUAL,7342.8,sell,480.0,
44565497,71804243,1586390704730,0,7342.5,BTC-PERPETUAL,7342.79,buy,2000.0,
44565498,71804246,1586390706372,2,7342.0,BTC-PERPETUAL,7342.79,sell,600.0,
44565499,71804250,1586390719376,3,7342.0,BTC-PERPETUAL,7342.18,sell,100.0,
44565500,71804252,1586390720203,3,7342.0,BTC-PERPETUAL,7342.12,sell,36020.0,
44565501,71804253,1586390720203,3,7342.0,BTC-PERPETUAL,7342.12,sell,150.0,
44565502,71804254,1586390720210,3,7342.0,BTC-PERPETUAL,7342.12,sell,10.0,
44565503,71804255,1586390720233,3,7342.0,BTC-PERPETUAL,7342.12,sell,36700.0,
44565504,71804256,1586390720245,2,7341.5,BTC-PERPETUAL,7342.12,sell,10.0,
44565505,71804258,1586390720261,2,7340.5,BTC-PERPETUAL,7342.12,sell,200.0,
44565506,71804260,1586390720594,2,7340.0,BTC-PERPETUAL,7342.12,sell,100.0,
44565507,71804261,1586390720594,2,7339.0,BTC-PERPETUAL,7342.12,sell,1000.0,
44565508,71804262,1586390720594,3,7339.0,BTC-PERPETUAL,7342.12,sell,10.0,
44565509,71804263,1586390720594,3,7339.0,BTC-PERPETUAL,7342.12,sell,10.0,
44565510,71804264,1586390720594,3,7339.0,BTC-PERPETUAL,7342.12,sell,360.0,
44565511,71804269,1586390720852,3,7339.0,BTC-PERPETUAL,7342.12,sell,40.0,
44565512,71804270,1586390721078,2,7338.5,BTC-PERPETUAL,7341.14,sell,10.0,
44565513,71804271,1586390721078,3,7338.5,BTC-PERPETUAL,7341.14,sell,60.0,
44565514,71804272,1586390721078,2,7338.0,BTC-PERPETUAL,7341.14,sell,60.0,
44565515,71804273,1586390721078,2,7337.0,BTC-PERPETUAL,7341.14,sell,200.0,
44565516,71804274,1586390721078,3,7337.0,BTC-PERPETUAL,7341.14,sell,60.0,
44565517,71804275,1586390721078,3,7337.0,BTC-PERPETUAL,7341.14,sell,470.0,
44565518,71804276,1586390721078,2,7336.5,BTC-PERPETUAL,7341.14,sell,500.0,
44565519,71804277,1586390721078,2,7336.0,BTC-PERPETUAL,7341.14,sell,600.0,
44565520,71804278,1586390727938,2,7335.5,BTC-PERPETUAL,7338.3,sell,1000.0,
44565521,71804282,1586390742637,3,7335.5,BTC-PERPETUAL,7336.65,sell,10.0,
44565522,71804283,1586390742637,3,7335.5,BTC-PERPETUAL,7336.65,sell,520.0,
44565523,71804284,1586390742637,2,7335.0,BTC-PERPETUAL,7336.65,sell,200.0,
44565524,71804285,1586390742637,3,7335.0,BTC-PERPETUAL,7336.65,sell,100.0,
44565525,71804286,1586390742637,2,7334.0,BTC-PERPETUAL,7336.65,sell,130.0,
44565526,71804287,1586390742637,3,7334.0,BTC-PERPETUAL,7336.65,sell,300.0,
44565527,71804288,1586390742637,2,7333.5,BTC-PERPETUAL,7336.65,sell,3740.0,
44565528,71804290,1586390749175,2,7333.0,BTC-PERPETUAL,7336.48,sell,1000.0,
44565529,71804292,1586390753930,3,7333.0,BTC-PERPETUAL,7336.34,sell,200.0,
44565530,71804294,1586390756223,0,7333.5,BTC-PERPETUAL,7337.37,buy,30.0,
44565531,71804295,1586390756223,1,7333.5,BTC-PERPETUAL,7337.37,buy,10.0,
44565532,71804300,1586390762976,1,7333.5,BTC-PERPETUAL,7338.46,sell,10.0,
44565533,71804303,1586390767681,0,7336.0,BTC-PERPETUAL,7338.81,buy,30.0,
44565534,71804304,1586390767681,1,7336.0,BTC-PERPETUAL,7338.81,buy,10.0,
44565535,71804305,1586390767681,0,7336.5,BTC-PERPETUAL,7338.81,buy,30.0,
44565536,71804306,1586390767681,0,7338.0,BTC-PERPETUAL,7338.81,buy,20.0,
44565537,71804309,1586390808008,2,7336.0,BTC-PERPETUAL,7337.94,sell,40.0,
44565538,71804310,1586390826513,0,7336.5,BTC-PERPETUAL,7339.49,buy,30.0,
44565539,71804311,1586390826513,1,7336.5,BTC-PERPETUAL,7339.49,buy,300.0,
44565540,71804312,1586390826513,1,7336.5,BTC-PERPETUAL,7339.49,buy,40.0,
44565541,71804313,1586390837871,1,7336.5,BTC-PERPETUAL,7339.66,sell,500.0,
44565542,71804318,1586390846572,0,7337.0,BTC-PERPETUAL,7339.91,buy,30.0,
44565543,71804319,1586390846572,1,7337.0,BTC-PERPETUAL,7339.91,buy,100.0,
44565544,71804321,1586390847572,0,7337.5,BTC-PERPETUAL,7340.23,buy,30.0,
44565545,71804322,1586390847572,1,7337.5,BTC-PERPETUAL,7340.23,buy,100.0,
44565546,71804324,1586390847822,0,7338.0,BTC-PERPETUAL,7340.23,buy,450.0,
44565547,71804325,1586390847822,1,7338.0,BTC-PERPETUAL,7340.23,buy,20.0,
44565548,71804326,1586390847822,1,7338.0,BTC-PERPETUAL,7340.23,buy,10.0,
44565549,71804327,1586390847822,1,7338.0,BTC-PERPETUAL,7340.23,buy,2420.0,
44565550,71804328,1586390847829,1,7338.0,BTC-PERPETUAL,7340.23,buy,4790.0,
44565551,71804329,1586390847835,1,7338.0,BTC-PERPETUAL,7340.23,buy,1850.0,
44565552,71804330,1586390847885,1,7338.0,BTC-PERPETUAL,7340.23,buy,2540.0,
44565553,71804331,1586390847897,1,7338.0,BTC-PERPETUAL,7340.56,buy,1470.0,
44565554,71804334,1586390848169,1,7338.0,BTC-PERPETUAL,7340.56,buy,500.0,
44565555,71804335,1586390848170,1,7338.0,BTC-PERPETUAL,7340.56,buy,4700.0,
44565556,71804336,1586390848178,1,7338.0,BTC-PERPETUAL,7340.56,buy,6000.0,
44565557,71804337,1586390848180,1,7338.0,BTC-PERPETUAL,7340.56,buy,1650.0,
44565558,71804338,1586390848180,1,7338.0,BTC-PERPETUAL,7340.56,buy,200.0,
44565559,71804339,1586390848212,0,7338.5,BTC-PERPETUAL,7340.56,buy,130.0,
44565560,71804340,1586390848212,1,7338.5,BTC-PERPETUAL,7340.56,buy,250.0,
44565561,71804341,1586390848367,0,7339.0,BTC-PERPETUAL,7340.56,buy,10.0,
44565562,71804342,1586390848650,0,7340.0,BTC-PERPETUAL,7340.56,buy,10.0,
44565563,71804343,1586390848650,1,7340.0,BTC-PERPETUAL,7340.56,buy,10.0,
44565564,71804344,1586390848650,1,7340.0,BTC-PERPETUAL,7340.56,buy,250.0,
44565565,71804345,1586390848650,1,7340.0,BTC-PERPETUAL,7340.56,buy,80.0,
44565566,71804346,1586390848843,1,7340.0,BTC-PERPETUAL,7340.56,buy,140.0,
44565567,71804347,1586390848924,1,7340.0,BTC-PERPETUAL,7342.47,buy,180.0,
44565568,71804348,1586390848924,1,7340.0,BTC-PERPETUAL,7342.47,buy,30.0,
44565569,71804349,1586390848924,1,7340.0,BTC-PERPETUAL,7342.47,buy,20.0,
44565570,71804350,1586390849796,1,7340.0,BTC-PERPETUAL,7342.47,buy,10.0,
44565571,71804351,1586390849796,1,7340.0,BTC-PERPETUAL,7342.47,buy,250.0,
44565572,71804352,1586390850704,0,7340.5,BTC-PERPETUAL,7342.74,buy,60.0,
44565573,71804353,1586390850704,1,7340.5,BTC-PERPETUAL,7342.74,buy,10.0,
44565574,71804354,1586390850797,0,7341.0,BTC-PERPETUAL,7342.74,buy,50.0,
44565575,71804355,1586390850877,0,7342.0,BTC-PERPETUAL,7342.74,buy,10.0,
44565576,71804356,1586390850877,1,7342.0,BTC-PERPETUAL,7342.74,buy,10.0,
44565577,71804357,1586390850877,0,7342.5,BTC-PERPETUAL,7342.74,buy,30.0,
44565578,71804358,1586390851114,1,7342.5,BTC-PERPETUAL,7343.38,buy,20.0,
44565579,71804360,1586390857061,1,7342.5,BTC-PERPETUAL,7345.5,buy,20.0,
44565580,71804361,1586390866945,1,7342.5,BTC-PERPETUAL,7342.74,buy,20.0,
44565581,71804364,1586390887363,1,7342.5,BTC-PERPETUAL,7344.96,buy,170.0,
44565582,71804365,1586390887363,1,7342.5,BTC-PERPETUAL,7344.96,buy,10.0,
44565583,71804366,1586390887363,1,7342.5,BTC-PERPETUAL,7344.96,buy,10.0,
44565584,71804367,1586390887363,1,7342.5,BTC-PERPETUAL,7344.96,buy,960.0,
44565585,71804368,1586390887363,1,7342.5,BTC-PERPETUAL,7344.96,buy,20.0,
44565586,71804369,1586390887363,1,7342.5,BTC-PERPETUAL,7344.96,buy,10.0,
44565587,71804372,1586390887429,0,7343.0,BTC-PERPETUAL,7344.96,buy,260.0,
44565588,71804373,1586390887451,0,7343.5,BTC-PERPETUAL,7344.96,buy,250.0,
44565589,71804374,1586390887451,1,7343.5,BTC-PERPETUAL,7344.96,buy,600.0,
44565590,71804377,1586390887612,0,7344.0,BTC-PERPETUAL,7344.96,buy,30.0,
44565591,71804379,1586390887736,1,7344.0,BTC-PERPETUAL,7344.96,buy,20.0,
44565592,71804380,1586390888458,0,7344.5,BTC-PERPETUAL,7346.44,buy,20.0,
44565593,71804381,1586390888458,1,7344.5,BTC-PERPETUAL,7346.44,buy,20.0,
44565594,71804382,1586390888458,1,7344.5,BTC-PERPETUAL,7346.44,buy,20.0,
44565595,71804383,1586390888458,1,7344.5,BTC-PERPETUAL,7346.44,buy,20.0,
44565596,71804384,1586390888458,1,7344.5,BTC-PERPETUAL,7346.44,buy,20.0,
44565597,71804385,1586390888458,1,7344.5,BTC-PERPETUAL,7346.44,buy,20.0,
44565598,71804386,1586390888458,1,7344.5,BTC-PERPETUAL,7346.44,buy,20.0,
44565599,71804387,1586390888458,1,7344.5,BTC-PERPETUAL,7346.44,buy,20.0,
44565600,71804388,1586390888479,0,7345.0,BTC-PERPETUAL,7346.44,buy,300.0,
44565601,71804389,1586390888479,1,7345.0,BTC-PERPETUAL,7346.44,buy,300.0,
44565602,71804390,1586390888479,1,7345.0,BTC-PERPETUAL,7346.44,buy,20.0,
44565603,71804391,1586390888479,1,7345.0,BTC-PERPETUAL,7346.44,buy,10.0,
44565604,71804392,1586390888479,1,7345.0,BTC-PERPETUAL,7346.44,buy,250.0,
44565605,71804393,1586390888479,1,7345.0,BTC-PERPETUAL,7346.44,buy,10.0,
44565606,71804394,1586390888479,1,7345.0,BTC-PERPETUAL,7346.44,buy,140.0,
44565607,71804396,1586390889083,0,7345.5,BTC-PERPETUAL,7346.44,buy,20.0,
44565608,71804397,1586390889083,1,7345.5,BTC-PERPETUAL,7346.44,buy,150.0,
44565609,71804398,1586390889083,1,7345.5,BTC-PERPETUAL,7346.44,buy,250.0,
44565610,71804399,1586390889520,0,7346.0,BTC-PERPETUAL,7347.35,buy,100.0,
44565611,71804400,1586390889584,1,7346.0,BTC-PERPETUAL,7347.35,buy,110.0,
44565612,71804401,1586390889584,1,7346.0,BTC-PERPETUAL,7347.35,buy,10.0,
44565613,71804402,1586390889584,1,7346.0,BTC-PERPETUAL,7347.35,buy,120.0,
44565614,71804403,1586390897038,1,7346.0,BTC-PERPETUAL,7348.64,buy,90.0,
44565615,71804404,1586390897038,1,7346.0,BTC-PERPETUAL,7348.64,buy,10.0,
44565616,71804405,1586390898068,1,7346.0,BTC-PERPETUAL,7348.52,buy,10.0,
44565617,71804406,1586390898068,1,7346.0,BTC-PERPETUAL,7348.52,buy,10.0,
44565618,71804408,1586390899856,1,7346.0,BTC-PERPETUAL,7348.4,buy,100.0,
44565619,71804412,1586390913514,2,7345.5,BTC-PERPETUAL,7347.56,sell,190.0,
44565620,71804413,1586390913514,3,7345.5,BTC-PERPETUAL,7347.56,sell,30.0,
44565621,71804414,1586390913514,3,7345.5,BTC-PERPETUAL,7347.56,sell,10.0,
44565622,71804415,1586390913514,3,7345.5,BTC-PERPETUAL,7347.56,sell,1500.0,
44565623,71804416,1586390913514,3,7345.5,BTC-PERPETUAL,7347.56,sell,1940.0,
44565624,71804417,1586390913542,3,7345.5,BTC-PERPETUAL,7347.56,sell,3670.0,
44565625,71804418,1586390913551,3,7345.5,BTC-PERPETUAL,7347.56,sell,14740.0,
44565626,71804420,1586390913555,3,7345.5,BTC-PERPETUAL,7347.56,sell,4650.0,
44565627,71804421,1586390913555,3,7345.5,BTC-PERPETUAL,7347.56,sell,3600.0,
44565628,71804422,1586390913555,3,7345.5,BTC-PERPETUAL,7347.56,sell,90.0,
44565629,71804423,1586390913567,3,7345.5,BTC-PERPETUAL,7347.56,sell,1820.0,
44565630,71804424,1586390913611,2,7345.0,BTC-PERPETUAL,7347.56,sell,3670.0,
44565631,71804425,1586390913611,2,7344.5,BTC-PERPETUAL,7347.56,sell,10900.0,
44565632,71804427,1586390913613,3,7344.5,BTC-PERPETUAL,7347.56,sell,1920.0,
44565633,71804429,1586390913639,3,7344.5,BTC-PERPETUAL,7347.56,sell,1930.0,
44565634,71804433,1586390913680,2,7344.0,BTC-PERPETUAL,7347.56,sell,7340.0,
44565635,71804434,1586390913714,3,7344.0,BTC-PERPETUAL,7347.56,buy,300.0,
44565636,71804435,1586390913836,2,7343.5,BTC-PERPETUAL,7347.56,sell,10.0,
44565637,71804436,1586390913836,3,7343.5,BTC-PERPETUAL,7347.56,sell,1550.0,
44565638,71804437,1586390913846,3,7343.5,BTC-PERPETUAL,7347.56,sell,8270.0,
44565639,71804438,1586390913902,3,7343.5,BTC-PERPETUAL,7347.56,sell,180.0,
44565640,71804439,1586390914543,2,7343.0,BTC-PERPETUAL,7345.71,sell,300.0,
44565641,71804440,1586390914543,3,7343.0,BTC-PERPETUAL,7345.71,sell,750.0,
44565642,71804441,1586390923895,2,7342.0,BTC-PERPETUAL,7344.83,sell,150.0,
44565643,71804442,1586390923895,3,7342.0,BTC-PERPETUAL,7344.83,sell,9850.0,
44565644,71804443,1586390924567,0,7342.5,BTC-PERPETUAL,7344.92,buy,10.0,
44565645,71804445,1586390944239,2,7342.0,BTC-PERPETUAL,7343.72,sell,10000.0,
44565646,71804446,1586390945036,3,7342.0,BTC-PERPETUAL,7343.7,sell,5150.0,
44565647,71804447,1586390945036,3,7342.0,BTC-PERPETUAL,7343.7,sell,1000.0,
44565648,71804448,1586390945036,3,7342.0,BTC-PERPETUAL,7343.7,sell,10.0,
44565649,71804449,1586390945036,3,7342.0,BTC-PERPETUAL,7343.7,sell,60.0,
44565650,71804450,1586390945036,3,7342.0,BTC-PERPETUAL,7343.7,sell,3780.0,
44565651,71804451,1586390945779,3,7342.0,BTC-PERPETUAL,7343.62,sell,10000.0,
44565652,71804452,1586390952735,3,7342.0,BTC-PERPETUAL,7343.12,sell,10.0,
44565653,71804453,1586390952735,3,7342.0,BTC-PERPETUAL,7343.12,sell,150.0,
44565654,71804454,1586390952735,3,7342.0,BTC-PERPETUAL,7343.12,sell,60.0,
44565655,71804455,1586390952735,2,7341.5,BTC-PERPETUAL,7343.12,sell,440.0,
44565656,71804456,1586390952735,3,7341.5,BTC-PERPETUAL,7343.12,sell,10.0,
44565657,71804457,1586390952735,3,7341.5,BTC-PERPETUAL,7343.12,sell,830.0,
44565658,71804460,1586390966810,0,7342.0,BTC-PERPETUAL,7344.91,buy,2400.0,
44565659,71804461,1586390966953,1,7342.0,BTC-PERPETUAL,7344.91,buy,1190.0,
44565660,71804462,1586390966953,1,7342.0,BTC-PERPETUAL,7344.91,buy,3000.0,
44565661,71804463,1586390966953,1,7342.0,BTC-PERPETUAL,7344.91,buy,480.0,
44565662,71804464,1586390966953,1,7342.0,BTC-PERPETUAL,7344.91,buy,30.0,
44565663,71804465,1586390967550,0,7342.5,BTC-PERPETUAL,7344.91,buy,520.0,
44565664,71804466,1586390967550,1,7342.5,BTC-PERPETUAL,7344.91,buy,10.0,
44565665,71804467,1586390967550,1,7342.5,BTC-PERPETUAL,7344.91,buy,10.0,
44565666,71804468,1586390967550,1,7342.5,BTC-PERPETUAL,7344.91,buy,100.0,
44565667,71804469,1586390967550,1,7342.5,BTC-PERPETUAL,7344.91,buy,30.0,
44565668,71804470,1586390967550,0,7343.0,BTC-PERPETUAL,7344.91,buy,140.0,
44565669,71804473,1586390972087,0,7344.0,BTC-PERPETUAL,7347.63,buy,10.0,
44565670,71804474,1586390972087,1,7344.0,BTC-PERPETUAL,7347.63,buy,400.0,
44565671,71804475,1586390972087,1,7344.0,BTC-PERPETUAL,7347.63,buy,30.0,
44565672,71804477,1586391013897,1,7344.0,BTC-PERPETUAL,7345.81,sell,10.0,
44565673,71804478,1586391013897,1,7344.0,BTC-PERPETUAL,7345.81,sell,30.0,
44565674,71804479,1586391013897,1,7344.0,BTC-PERPETUAL,7345.81,sell,1000.0,
44565675,71804480,1586391013897,1,7344.0,BTC-PERPETUAL,7345.81,sell,10.0,
44565676,71804481,1586391013897,1,7344.0,BTC-PERPETUAL,7345.81,sell,150.0,
44565677,71804482,1586391013897,1,7344.0,BTC-PERPETUAL,7345.81,sell,60.0,
44565678,71804483,1586391013897,1,7344.0,BTC-PERPETUAL,7345.81,sell,28740.0,
44565679,71804484,1586391042292,0,7344.5,BTC-PERPETUAL,7346.31,buy,10.0,
44565680,71804485,1586391042292,1,7344.5,BTC-PERPETUAL,7346.31,buy,10.0,
44565681,71804489,1586391075351,2,7344.0,BTC-PERPETUAL,7345.34,sell,1500.0,
44565682,71804490,1586391075351,3,7344.0,BTC-PERPETUAL,7345.34,sell,60.0,
44565683,71804491,1586391075351,3,7344.0,BTC-PERPETUAL,7345.34,sell,10.0,
44565684,71804492,1586391075351,3,7344.0,BTC-PERPETUAL,7345.34,sell,30.0,
44565685,71804493,1586391075351,3,7344.0,BTC-PERPETUAL,7345.34,sell,10.0,
44565686,71804494,1586391075351,3,7344.0,BTC-PERPETUAL,7345.34,sell,500.0,
44565687,71804495,1586391075351,3,7344.0,BTC-PERPETUAL,7345.34,sell,150.0,
44565688,71804496,1586391075351,3,7344.0,BTC-PERPETUAL,7345.34,sell,140.0,
44565689,71804502,1586391091522,2,7343.5,BTC-PERPETUAL,7344.26,sell,10.0,
44565690,71804503,1586391091522,3,7343.5,BTC-PERPETUAL,7344.26,sell,10.0,
44565691,71804504,1586391091522,3,7343.5,BTC-PERPETUAL,7344.26,sell,20.0,
44565692,71804505,1586391093707,2,7343.0,BTC-PERPETUAL,7343.81,sell,100.0,
44565693,71804506,1586391093707,3,7343.0,BTC-PERPETUAL,7343.81,sell,10.0,
44565694,71804507,1586391093707,3,7343.0,BTC-PERPETUAL,7343.81,sell,60.0,
44565695,71804508,1586391093707,3,7343.0,BTC-PERPETUAL,7343.81,sell,10.0,
44565696,71804509,1586391093790,2,7342.5,BTC-PERPETUAL,7343.81,sell,10.0,
44565697,71804510,1586391093790,3,7342.5,BTC-PERPETUAL,7343.81,sell,60.0,
44565698,71804511,1586391093790,2,7342.0,BTC-PERPETUAL,7343.81,sell,10.0,
44565699,71804512,1586391093790,3,7342.0,BTC-PERPETUAL,7343.81,sell,10.0,
44565700,71804513,1586391093790,2,7341.5,BTC-PERPETUAL,7343.81,sell,10.0,
44565701,71804514,1586391093790,3,7341.5,BTC-PERPETUAL,7343.81,sell,1410.0,
44565702,71804515,1586391107270,3,7341.5,BTC-PERPETUAL,7342.6,buy,10.0,
44565703,71804516,1586391107903,2,7341.0,BTC-PERPETUAL,7342.72,sell,10.0,
44565704,71804517,1586391109783,2,7340.5,BTC-PERPETUAL,7342.69,sell,10.0,
44565705,71804518,1586391115790,3,7340.5,BTC-PERPETUAL,7341.35,sell,130.0,
44565706,71804519,1586391115790,3,7340.5,BTC-PERPETUAL,7341.35,sell,10.0,
44565707,71804520,1586391115790,3,7340.5,BTC-PERPETUAL,7341.35,sell,10.0,
44565708,71804521,1586391116153,2,7340.0,BTC-PERPETUAL,7341.35,sell,10.0,
44565709,71804522,1586391116153,3,7340.0,BTC-PERPETUAL,7341.35,sell,710.0,
44565710,71804523,1586391116153,3,7340.0,BTC-PERPETUAL,7341.35,sell,36680.0,
44565711,71804524,1586391116153,3,7340.0,BTC-PERPETUAL,7341.35,sell,5000.0,
44565712,71804525,1586391116196,2,7339.5,BTC-PERPETUAL,7341.35,sell,20.0,
44565713,71804526,1586391116196,3,7339.5,BTC-PERPETUAL,7341.35,sell,20.0,
44565714,71804527,1586391116196,3,7339.5,BTC-PERPETUAL,7341.35,sell,20.0,
44565715,71804528,1586391116196,3,7339.5,BTC-PERPETUAL,7341.35,sell,20.0,
44565716,71804529,1586391116196,3,7339.5,BTC-PERPETUAL,7341.35,sell,20.0,
44565717,71804530,1586391116196,3,7339.5,BTC-PERPETUAL,7341.35,sell,20.0,
44565718,71804531,1586391116196,3,7339.5,BTC-PERPETUAL,7341.35,sell,20.0,
44565719,71804532,1586391116196,3,7339.5,BTC-PERPETUAL,7341.35,sell,10.0,
44565720,71804533,1586391116196,3,7339.5,BTC-PERPETUAL,7341.35,sell,250.0,
44565721,71804534,1586391116717,2,7339.0,BTC-PERPETUAL,7341.35,sell,10.0,
44565722,71804535,1586391116717,3,7339.0,BTC-PERPETUAL,7341.35,sell,10.0,
44565723,71804536,1586391116717,3,7339.0,BTC-PERPETUAL,7341.35,sell,20.0,
44565724,71804537,1586391116717,3,7339.0,BTC-PERPETUAL,7341.35,sell,10.0,
44565725,71804538,1586391116717,3,7339.0,BTC-PERPETUAL,7341.35,sell,5000.0,
44565726,71804539,1586391117625,3,7339.0,BTC-PERPETUAL,7341.01,buy,2920.0,
44565727,71804540,1586391130033,3,7339.0,BTC-PERPETUAL,7340.18,buy,3600.0,
44565728,71804541,1586391130033,3,7339.0,BTC-PERPETUAL,7340.18,buy,2000.0,
44565729,71804542,1586391130033,3,7339.0,BTC-PERPETUAL,7340.18,buy,1730.0,
44565730,71804545,1586391132997,3,7339.0,BTC-PERPETUAL,7341.57,buy,30.0,
44565731,71804546,1586391132997,3,7339.0,BTC-PERPETUAL,7341.57,buy,10.0,
44565732,71804547,1586391133025,0,7339.5,BTC-PERPETUAL,7341.57,buy,930.0,
44565733,71804548,1586391133025,1,7339.5,BTC-PERPETUAL,7341.57,buy,30.0,
44565734,71804549,1586391133025,0,7340.0,BTC-PERPETUAL,7341.57,buy,10.0,
44565735,71804550,1586391133025,1,7340.0,BTC-PERPETUAL,7341.57,buy,10.0,
44565736,71804552,1586391147105,1,7340.0,BTC-PERPETUAL,7341.06,sell,890.0,
44565737,71804554,1586391177304,0,7340.5,BTC-PERPETUAL,7341.31,buy,100.0,
44565738,71804555,1586391177304,1,7340.5,BTC-PERPETUAL,7341.31,buy,720.0,
44565739,71804557,1586391177506,1,7340.5,BTC-PERPETUAL,7341.31,buy,920.0,
44565740,71804558,1586391177729,1,7340.5,BTC-PERPETUAL,7341.31,buy,30.0,
44565741,71804559,1586391177729,1,7340.5,BTC-PERPETUAL,7341.31,buy,10.0,
44565742,71804560,1586391177729,1,7340.5,BTC-PERPETUAL,7341.31,buy,10.0,
44565743,71804562,1586391178722,0,7341.0,BTC-PERPETUAL,7342.86,buy,10.0,
44565744,71804563,1586391178722,1,7341.0,BTC-PERPETUAL,7342.86,buy,30.0,
44565745,71804564,1586391178722,1,7341.0,BTC-PERPETUAL,7342.86,buy,20.0,
44565746,71804565,1586391178722,1,7341.0,BTC-PERPETUAL,7342.86,buy,20.0,
44565747,71804566,1586391178722,1,7341.0,BTC-PERPETUAL,7342.86,buy,20.0,
44565748,71804567,1586391178722,1,7341.0,BTC-PERPETUAL,7342.86,buy,20.0,
44565749,71804568,1586391178722,1,7341.0,BTC-PERPETUAL,7342.86,buy,20.0,
44565750,71804569,1586391178722,1,7341.0,BTC-PERPETUAL,7342.86,buy,20.0,
44565751,71804570,1586391178722,1,7341.0,BTC-PERPETUAL,7342.86,buy,20.0,
44565752,71804571,1586391202800,0,7341.5,BTC-PERPETUAL,7340.76,buy,100.0,
44565753,71804572,1586391202800,1,7341.5,BTC-PERPETUAL,7340.76,buy,20.0,
44565754,71804573,1586391202800,1,7341.5,BTC-PERPETUAL,7340.76,buy,1800.0,
44565755,71804574,1586391202800,1,7341.5,BTC-PERPETUAL,7340.76,buy,10680.0,
44565756,71804575,1586391202800,1,7341.5,BTC-PERPETUAL,7340.76,buy,1000.0,
44565757,71804576,1586391202800,1,7341.5,BTC-PERPETUAL,7340.76,buy,10000.0,
44565758,71804577,1586391202800,1,7341.5,BTC-PERPETUAL,7340.76,buy,30.0,
44565759,71804578,1586391202800,1,7341.5,BTC-PERPETUAL,7340.76,buy,26370.0,
44565760,71804581,1586391226212,2,7341.0,BTC-PERPETUAL,7342.77,sell,150.0,
44565761,71804582,1586391226212,3,7341.0,BTC-PERPETUAL,7342.77,sell,10.0,
44565762,71804583,1586391226212,3,7341.0,BTC-PERPETUAL,7342.77,sell,2000.0,
44565763,71804584,1586391226212,3,7341.0,BTC-PERPETUAL,7342.77,sell,1000.0,
44565764,71804585,1586391226212,3,7341.0,BTC-PERPETUAL,7342.77,sell,840.0,
44565765,71804586,1586391232944,0,7341.5,BTC-PERPETUAL,7343.99,buy,10.0,
44565766,71804587,1586391232944,1,7341.5,BTC-PERPETUAL,7343.99,buy,30.0,
44565767,71804588,1586391232944,1,7341.5,BTC-PERPETUAL,7343.99,buy,80.0,
44565768,71804589,1586391256147,0,7342.0,BTC-PERPETUAL,7341.66,buy,100.0,
44565769,71804590,1586391256147,1,7342.0,BTC-PERPETUAL,7341.66,buy,19900.0,
44565770,71804591,1586391282525,1,7342.0,BTC-PERPETUAL,7342.62,buy,20.0,
44565771,71804592,1586391282525,1,7342.0,BTC-PERPETUAL,7342.62,buy,10.0,
44565772,71804593,1586391283526,0,7342.5,BTC-PERPETUAL,7343.57,buy,100.0,
44565773,71804594,1586391285242,0,7343.5,BTC-PERPETUAL,7344.65,buy,10.0,
44565774,71804595,1586391285242,1,7343.5,BTC-PERPETUAL,7344.65,buy,130.0,
44565775,71804596,1586391285242,1,7343.5,BTC-PERPETUAL,7344.65,buy,100.0,
44565776,71804601,1586391286908,0,7344.0,BTC-PERPETUAL,7345.65,buy,10.0,
44565777,71804602,1586391286908,1,7344.0,BTC-PERPETUAL,7345.65,buy,10.0,
44565778,71804603,1586391286908,1,7344.0,BTC-PERPETUAL,7345.65,buy,10.0,
44565779,71804604,1586391294889,0,7344.5,BTC-PERPETUAL,7347.13,buy,10.0,
44565780,71804605,1586391294889,1,7344.5,BTC-PERPETUAL,7347.13,buy,10.0,
44565781,71804606,1586391294889,1,7344.5,BTC-PERPETUAL,7347.13,buy,10.0,
44565782,71804607,1586391294889,1,7344.5,BTC-PERPETUAL,7347.13,buy,10.0,
44565783,71804608,1586391294889,1,7344.5,BTC-PERPETUAL,7347.13,buy,10.0,
44565784,71804609,1586391296375,1,7344.5,BTC-PERPETUAL,7347.01,buy,400.0,
44565785,71804610,1586391296375,1,7344.5,BTC-PERPETUAL,7347.01,buy,10.0,
44565786,71804611,1586391296375,1,7344.5,BTC-PERPETUAL,7347.01,buy,10.0,
44565787,71804612,1586391296375,1,7344.5,BTC-PERPETUAL,7347.01,buy,1000.0,
44565788,71804613,1586391296375,1,7344.5,BTC-PERPETUAL,7347.01,buy,1800.0,
44565789,71804614,1586391296375,1,7344.5,BTC-PERPETUAL,7347.01,buy,780.0,
44565790,71804615,1586391296468,1,7344.5,BTC-PERPETUAL,7347.01,buy,1220.0,
44565791,71804616,1586391296468,1,7344.5,BTC-PERPETUAL,7347.01,buy,1750.0,
44565792,71804617,1586391296468,1,7344.5,BTC-PERPETUAL,7347.01,buy,7030.0,
44565793,71804618,1586391296758,1,7344.5,BTC-PERPETUAL,7347.01,buy,3210.0,
44565794,71804619,1586391296789,1,7344.5,BTC-PERPETUAL,7347.01,buy,1770.0,
44565795,71804620,1586391297228,1,7344.5,BTC-PERPETUAL,7347.32,buy,1650.0,
44565796,71804621,1586391297254,1,7344.5,BTC-PERPETUAL,7347.32,buy,10.0,
44565797,71804623,1586391307431,1,7344.5,BTC-PERPETUAL,7347.86,sell,1110.0,
44565798,71804626,1586391396548,0,7345.0,BTC-PERPETUAL,7347.02,buy,10.0,
44565799,71804627,1586391396548,1,7345.0,BTC-PERPETUAL,7347.02,buy,1110.0,
44565800,71804628,1586391396548,1,7345.0,BTC-PERPETUAL,7347.02,buy,10.0,
44565801,71804629,1586391396548,1,7345.0,BTC-PERPETUAL,7347.02,buy,10000.0,
44565802,71804630,1586391396548,1,7345.0,BTC-PERPETUAL,7347.02,buy,200.0,
44565803,71804631,1586391396548,1,7345.0,BTC-PERPETUAL,7347.02,buy,10.0,
44565804,71804632,1586391396554,1,7345.0,BTC-PERPETUAL,7347.02,buy,10.0,
44565805,71804647,1586391396736,0,7345.5,BTC-PERPETUAL,7347.75,buy,1500.0,
44565806,71804649,1586391403052,1,7345.5,BTC-PERPETUAL,7349.04,buy,10.0,
44565807,71804650,1586391415158,1,7345.5,BTC-PERPETUAL,7347.21,buy,10.0,
44565808,71804651,1586391423246,1,7345.5,BTC-PERPETUAL,7347.29,buy,980.0,
44565809,71804652,1586391423246,1,7345.5,BTC-PERPETUAL,7347.29,buy,10.0,
44565810,71804653,1586391423246,1,7345.5,BTC-PERPETUAL,7347.29,buy,10.0,
44565811,71804655,1586391434918,1,7345.5,BTC-PERPETUAL,7348.52,buy,10.0,
44565812,71804659,1586391484438,0,7346.0,BTC-PERPETUAL,7350.62,buy,10.0,
44565813,71804660,1586391484438,1,7346.0,BTC-PERPETUAL,7350.62,buy,10.0,
44565814,71804661,1586391484438,1,7346.0,BTC-PERPETUAL,7350.62,buy,300.0,
44565815,71804662,1586391484438,1,7346.0,BTC-PERPETUAL,7350.62,buy,10.0,
44565816,71804663,1586391484438,1,7346.0,BTC-PERPETUAL,7350.62,buy,6280.0,
44565817,71804664,1586391484483,1,7346.0,BTC-PERPETUAL,7350.62,buy,1070.0,
44565818,71804665,1586391484483,1,7346.0,BTC-PERPETUAL,7350.62,buy,10.0,
