trade_seq,trade_id,timestamp,tick_direction,price,instrument_name,index_price,direction,amount
46363739,74208095,1588204801751,0,8794.0,BTC-PERPETUAL,8790.05,buy,10980.0
46363740,74208096,1588204802261,2,8793.5,BTC-PERPETUAL,8790.05,sell,610.0
46363741,74208097,1588204803647,3,8793.5,BTC-PERPETUAL,8790.29,sell,10.0
46363742,74208100,1588204803781,3,8793.5,BTC-PERPETUAL,8790.29,sell,160.0
46363743,74208101,1588204803782,3,8793.5,BTC-PERPETUAL,8790.29,sell,200.0
46363744,74208103,1588204804026,3,8793.5,BTC-PERPETUAL,8790.29,sell,150.0
46363745,74208106,1588204808864,3,8793.5,BTC-PERPETUAL,8792.11,sell,30.0
46363746,74208107,1588204808996,0,8794.0,BTC-PERPETUAL,8792.11,buy,20.0
46363747,74208108,1588204808996,1,8794.0,BTC-PERPETUAL,8792.11,buy,20.0
46363748,74208109,1588204808996,1,8794.0,BTC-PERPETUAL,8792.11,buy,20.0
46363749,74208110,1588204808996,1,8794.0,BTC-PERPETUAL,8792.11,buy,200.0
46363750,74208111,1588204808996,1,8794.0,BTC-PERPETUAL,8792.11,buy,4390.0
46363751,74208112,1588204808996,1,8794.0,BTC-PERPETUAL,8792.11,buy,450.0
46363752,74208113,1588204808996,1,8794.0,BTC-PERPETUAL,8792.11,buy,50.0
46363753,74208114,1588204808996,1,8794.0,BTC-PERPETUAL,8792.11,buy,260.0
46363754,74208115,1588204808996,1,8794.0,BTC-PERPETUAL,8792.11,buy,250.0
46363755,74208116,1588204808996,1,8794.0,BTC-PERPETUAL,8792.11,buy,10.0
46363756,74208117,1588204808996,1,8794.0,BTC-PERPETUAL,8792.11,buy,4330.0
46363757,74208118,1588204811707,1,8794.0,BTC-PERPETUAL,8792.44,buy,20.0
46363758,74208120,1588204813797,1,8794.0,BTC-PERPETUAL,8793.2,buy,170.0
46363759,74208121,1588204814501,1,8794.0,BTC-PERPETUAL,8793.17,buy,3400.0
46363760,74208122,1588204814501,0,8795.5,BTC-PERPETUAL,8793.17,buy,120.0
46363761,74208123,1588204814501,0,8796.0,BTC-PERPETUAL,8793.17,buy,10.0
46363762,74208124,1588204814501,0,8796.5,BTC-PERPETUAL,8793.17,buy,10.0
46363763,74208125,1588204814501,1,8796.5,BTC-PERPETUAL,8793.17,buy,100.0
46363764,74208126,1588204814501,0,8797.0,BTC-PERPETUAL,8793.17,buy,100.0
46363765,74208127,1588204814501,1,8797.0,BTC-PERPETUAL,8793.17,buy,100.0
46363766,74208128,1588204814501,1,8797.0,BTC-PERPETUAL,8793.17,buy,1000.0
46363767,74208129,1588204814501,1,8797.0,BTC-PERPETUAL,8793.17,buy,2200.0
46363768,74208130,1588204814501,1,8797.0,BTC-PERPETUAL,8793.17,buy,2790.0
46363769,74208131,1588204814639,1,8797.0,BTC-PERPETUAL,8793.17,buy,17000.0
46363770,74208133,1588204822478,2,8796.5,BTC-PERPETUAL,8794.31,sell,340.0
46363771,74208134,1588204822478,3,8796.5,BTC-PERPETUAL,8794.31,sell,200.0
46363772,74208135,1588204822478,3,8796.5,BTC-PERPETUAL,8794.31,sell,260.0
46363773,74208136,1588204822478,3,8796.5,BTC-PERPETUAL,8794.31,sell,160.0
46363774,74208137,1588204825654,0,8797.0,BTC-PERPETUAL,8794.18,buy,2000.0
46363775,74208138,1588204827283,1,8797.0,BTC-PERPETUAL,8794.18,buy,250.0
46363776,74208139,1588204827283,1,8797.0,BTC-PERPETUAL,8794.18,buy,50.0
46363777,74208140,1588204827283,1,8797.0,BTC-PERPETUAL,8794.18,buy,200.0
46363778,74208141,1588204827531,2,8796.5,BTC-PERPETUAL,8794.18,sell,90.0
46363779,74208142,1588204827531,3,8796.5,BTC-PERPETUAL,8794.18,sell,250.0
46363780,74208143,1588204827531,3,8796.5,BTC-PERPETUAL,8794.18,sell,17580.0
46363781,74208144,1588204827531,3,8796.5,BTC-PERPETUAL,8794.18,sell,3600.0
46363782,74208145,1588204827531,3,8796.5,BTC-PERPETUAL,8794.18,sell,5000.0
46363783,74208146,1588204827531,2,8796.0,BTC-PERPETUAL,8794.18,sell,30.0
46363784,74208147,1588204827531,3,8796.0,BTC-PERPETUAL,8794.18,sell,5000.0
46363785,74208148,1588204827531,2,8795.0,BTC-PERPETUAL,8794.18,sell,170.0
46363786,74208149,1588204827531,3,8795.0,BTC-PERPETUAL,8794.18,sell,1800.0
46363787,74208150,1588204827531,3,8795.0,BTC-PERPETUAL,8794.18,sell,500.0
46363788,74208151,1588204827531,2,8794.5,BTC-PERPETUAL,8794.18,sell,18630.0
46363789,74208153,1588204834005,3,8794.5,BTC-PERPETUAL,8793.7,sell,1600.0
46363790,74208157,1588204834037,3,8794.5,BTC-PERPETUAL,8793.7,sell,2300.0
46363791,74208158,1588204834039,3,8794.5,BTC-PERPETUAL,8793.7,sell,12100.0
46363792,74208159,1588204834041,3,8794.5,BTC-PERPETUAL,8793.7,sell,1580.0
46363793,74208160,1588204834041,3,8794.5,BTC-PERPETUAL,8793.7,sell,5880.0
46363794,74208163,1588204834065,2,8794.0,BTC-PERPETUAL,8793.7,sell,140.0
46363795,74208164,1588204834065,3,8794.0,BTC-PERPETUAL,8793.7,sell,500.0
46363796,74208165,1588204834150,2,8793.5,BTC-PERPETUAL,8793.7,sell,70.0
46363797,74208166,1588204834150,3,8793.5,BTC-PERPETUAL,8793.7,sell,10.0
46363798,74208169,1588204836578,2,8791.5,BTC-PERPETUAL,8791.2,sell,60.0
46363799,74208170,1588204836578,2,8790.5,BTC-PERPETUAL,8791.2,sell,70.0
46363800,74208171,1588204836578,3,8790.5,BTC-PERPETUAL,8791.2,sell,50.0
46363801,74208174,1588204836841,2,8790.0,BTC-PERPETUAL,8790.32,sell,10.0
46363802,74208175,1588204836841,3,8790.0,BTC-PERPETUAL,8790.32,sell,10.0
46363803,74208176,1588204836841,3,8790.0,BTC-PERPETUAL,8790.32,sell,500.0
46363804,74208180,1588204837153,2,8788.0,BTC-PERPETUAL,8790.32,sell,40.0
46363805,74208181,1588204837153,3,8788.0,BTC-PERPETUAL,8790.32,sell,250.0
46363806,74208182,1588204837153,2,8786.0,BTC-PERPETUAL,8790.32,sell,1000.0
46363807,74208183,1588204837153,2,8785.0,BTC-PERPETUAL,8790.32,sell,710.0
46363808,74208185,1588204837323,3,8785.0,BTC-PERPETUAL,8790.32,sell,40.0
46363809,74208186,1588204837323,3,8785.0,BTC-PERPETUAL,8790.32,sell,460.0
46363810,74208192,1588204838128,3,8785.0,BTC-PERPETUAL,8788.97,sell,230.0
46363811,74208193,1588204838128,3,8785.0,BTC-PERPETUAL,8788.97,sell,270.0
46363812,74208194,1588204839594,3,8785.0,BTC-PERPETUAL,8788.67,sell,730.0
46363813,74208195,1588204839594,3,8785.0,BTC-PERPETUAL,8788.67,sell,240.0
46363814,74208196,1588204839594,3,8785.0,BTC-PERPETUAL,8788.67,sell,20.0
46363815,74208197,1588204839594,3,8785.0,BTC-PERPETUAL,8788.67,sell,20.0
46363816,74208198,1588204839594,3,8785.0,BTC-PERPETUAL,8788.67,sell,20.0
46363817,74208199,1588204839594,3,8785.0,BTC-PERPETUAL,8788.67,sell,970.0
46363818,74208200,1588204840124,3,8785.0,BTC-PERPETUAL,8788.04,sell,500.0
46363819,74208201,1588204841361,3,8785.0,BTC-PERPETUAL,8787.28,sell,500.0
46363820,74208202,1588204847530,3,8785.0,BTC-PERPETUAL,8786.26,sell,2000.0
46363821,74208205,1588204867203,3,8785.0,BTC-PERPETUAL,8785.91,sell,50.0
46363822,74208206,1588204867203,3,8785.0,BTC-PERPETUAL,8785.91,sell,30.0
46363823,74208207,1588204867203,3,8785.0,BTC-PERPETUAL,8785.91,sell,180.0
46363824,74208208,1588204867203,3,8785.0,BTC-PERPETUAL,8785.91,sell,50.0
46363825,74208209,1588204867203,3,8785.0,BTC-PERPETUAL,8785.91,sell,10.0
46363826,74208210,1588204867203,2,8784.5,BTC-PERPETUAL,8785.91,sell,330.0
46363827,74208211,1588204867203,3,8784.5,BTC-PERPETUAL,8785.91,sell,170.0
46363828,74208212,1588204867203,2,8784.0,BTC-PERPETUAL,8785.91,sell,500.0
46363829,74208213,1588204867203,2,8782.5,BTC-PERPETUAL,8785.91,sell,8680.0
46363830,74208214,1588204867404,3,8782.5,BTC-PERPETUAL,8785.91,sell,100.0
46363831,74208215,1588204867404,3,8782.5,BTC-PERPETUAL,8785.91,sell,170.0
46363832,74208216,1588204867404,3,8782.5,BTC-PERPETUAL,8785.91,sell,1000.0
46363833,74208217,1588204867404,3,8782.5,BTC-PERPETUAL,8785.91,sell,250.0
46363834,74208218,1588204867404,3,8782.5,BTC-PERPETUAL,8785.91,sell,1240.0
46363835,74208219,1588204867404,3,8782.5,BTC-PERPETUAL,8785.91,sell,7240.0
46363836,74208221,1588204867655,2,8782.0,BTC-PERPETUAL,8785.91,sell,10.0
46363837,74208222,1588204867655,3,8782.0,BTC-PERPETUAL,8785.91,sell,10.0
46363838,74208223,1588204867655,3,8782.0,BTC-PERPETUAL,8785.91,sell,500.0
46363839,74208224,1588204867655,3,8782.0,BTC-PERPETUAL,8785.91,sell,250.0
46363840,74208225,1588204867655,3,8782.0,BTC-PERPETUAL,8785.91,sell,9230.0
46363841,74208226,1588204867715,3,8782.0,BTC-PERPETUAL,8785.91,sell,1660.0
46363842,74208227,1588204867715,2,8781.5,BTC-PERPETUAL,8785.91,sell,1800.0
46363843,74208228,1588204867715,2,8781.0,BTC-PERPETUAL,8785.91,sell,6540.0
46363844,74208230,1588204867729,3,8781.0,BTC-PERPETUAL,8785.91,sell,1000.0
46363845,74208231,1588204869558,3,8781.0,BTC-PERPETUAL,8783.39,sell,100.0
46363846,74208232,1588204869558,3,8781.0,BTC-PERPETUAL,8783.39,sell,70.0
46363847,74208233,1588204869558,3,8781.0,BTC-PERPETUAL,8783.39,sell,260.0
46363848,74208234,1588204869558,3,8781.0,BTC-PERPETUAL,8783.39,sell,50.0
46363849,74208235,1588204871130,3,8781.0,BTC-PERPETUAL,8783.18,sell,280.0
46363850,74208238,1588204871980,2,8780.5,BTC-PERPETUAL,8783.06,sell,10.0
46363851,74208239,1588204871980,3,8780.5,BTC-PERPETUAL,8783.06,sell,10.0
46363852,74208240,1588204871980,3,8780.5,BTC-PERPETUAL,8783.06,sell,10.0
46363853,74208241,1588204871980,3,8780.5,BTC-PERPETUAL,8783.06,sell,10.0
46363854,74208242,1588204871980,3,8780.5,BTC-PERPETUAL,8783.06,sell,270.0
46363855,74208243,1588204871980,2,8780.0,BTC-PERPETUAL,8783.06,sell,10.0
46363856,74208244,1588204871980,3,8780.0,BTC-PERPETUAL,8783.06,sell,260.0
46363857,74208245,1588204871980,3,8780.0,BTC-PERPETUAL,8783.06,sell,100.0
46363858,74208246,1588204871980,3,8780.0,BTC-PERPETUAL,8783.06,sell,150.0
46363859,74208250,1588204872066,3,8780.0,BTC-PERPETUAL,8783.06,sell,350.0
46363860,74208255,1588204883429,2,8779.0,BTC-PERPETUAL,8778.78,sell,100.0
46363861,74208256,1588204883429,3,8779.0,BTC-PERPETUAL,8778.78,sell,1890.0
46363862,74208257,1588204887351,3,8779.0,BTC-PERPETUAL,8778.99,sell,100.0
46363863,74208258,1588204887493,3,8779.0,BTC-PERPETUAL,8778.99,sell,15560.0
46363864,74208259,1588204887493,3,8779.0,BTC-PERPETUAL,8778.99,sell,60.0
46363865,74208260,1588204887493,3,8779.0,BTC-PERPETUAL,8778.99,sell,10.0
46363866,74208261,1588204887493,3,8779.0,BTC-PERPETUAL,8778.99,sell,50.0
46363867,74208262,1588204887493,3,8779.0,BTC-PERPETUAL,8778.99,sell,10.0
46363868,74208263,1588204887493,3,8779.0,BTC-PERPETUAL,8778.99,sell,10.0
46363869,74208264,1588204887493,3,8779.0,BTC-PERPETUAL,8778.99,sell,240.0
46363870,74208273,1588204888949,2,8778.0,BTC-PERPETUAL,8778.51,sell,250.0
46363871,74208274,1588204888949,3,8778.0,BTC-PERPETUAL,8778.51,sell,10.0
46363872,74208275,1588204888949,3,8778.0,BTC-PERPETUAL,8778.51,sell,10.0
46363873,74208276,1588204888949,3,8778.0,BTC-PERPETUAL,8778.51,sell,100.0
46363874,74208277,1588204888949,3,8778.0,BTC-PERPETUAL,8778.51,sell,21220.0
46363875,74208278,1588204888949,3,8778.0,BTC-PERPETUAL,8778.51,sell,70.0
46363876,74208279,1588204888949,2,8777.5,BTC-PERPETUAL,8778.51,sell,210.0
46363877,74208280,1588204888949,3,8777.5,BTC-PERPETUAL,8778.51,sell,10.0
46363878,74208281,1588204888949,2,8777.0,BTC-PERPETUAL,8778.51,sell,50.0
46363879,74208282,1588204888949,3,8777.0,BTC-PERPETUAL,8778.51,sell,10.0
46363880,74208283,1588204888949,3,8777.0,BTC-PERPETUAL,8778.51,sell,10.0
46363881,74208284,1588204888949,3,8777.0,BTC-PERPETUAL,8778.51,sell,500.0
46363882,74208285,1588204888949,2,8776.5,BTC-PERPETUAL,8778.51,sell,150.0
46363883,74208286,1588204888949,3,8776.5,BTC-PERPETUAL,8778.51,sell,50.0
46363884,74208287,1588204888949,3,8776.5,BTC-PERPETUAL,8778.51,sell,10.0
46363885,74208288,1588204888949,3,8776.5,BTC-PERPETUAL,8778.51,sell,8780.0
46363886,74208289,1588204888949,3,8776.5,BTC-PERPETUAL,8778.51,sell,150.0
46363887,74208290,1588204888949,3,8776.5,BTC-PERPETUAL,8778.51,sell,50.0
46363888,74208291,1588204888949,3,8776.5,BTC-PERPETUAL,8778.51,sell,150.0
46363889,74208292,1588204888949,3,8776.5,BTC-PERPETUAL,8778.51,sell,50.0
46363890,74208293,1588204888949,3,8776.5,BTC-PERPETUAL,8778.51,sell,70.0
46363891,74208294,1588204888949,2,8776.0,BTC-PERPETUAL,8778.51,sell,50.0
46363892,74208295,1588204888949,3,8776.0,BTC-PERPETUAL,8778.51,sell,10.0
46363893,74208296,1588204888949,3,8776.0,BTC-PERPETUAL,8778.51,sell,100.0
46363894,74208297,1588204888949,3,8776.0,BTC-PERPETUAL,8778.51,sell,500.0
46363895,74208298,1588204888949,2,8775.0,BTC-PERPETUAL,8778.51,sell,100.0
46363896,74208299,1588204888949,3,8775.0,BTC-PERPETUAL,8778.51,sell,500.0
46363897,74208300,1588204888949,3,8775.0,BTC-PERPETUAL,8778.51,sell,10.0
46363898,74208301,1588204888949,3,8775.0,BTC-PERPETUAL,8778.51,sell,9600.0
46363899,74208302,1588204888949,2,8774.5,BTC-PERPETUAL,8778.51,sell,820.0
46363900,74208303,1588204888949,3,8774.5,BTC-PERPETUAL,8778.51,sell,220.0
46363901,74208309,1588204888958,3,8774.5,BTC-PERPETUAL,8778.51,sell,780.0
46363902,74208310,1588204888958,2,8774.0,BTC-PERPETUAL,8778.51,sell,50.0
46363903,74208311,1588204888958,3,8774.0,BTC-PERPETUAL,8778.51,sell,10.0
46363904,74208312,1588204888958,3,8774.0,BTC-PERPETUAL,8778.51,sell,10.0
46363905,74208313,1588204888958,3,8774.0,BTC-PERPETUAL,8778.51,sell,40.0
46363906,74208314,1588204888958,3,8774.0,BTC-PERPETUAL,8778.51,sell,70.0
46363907,74208315,1588204888958,3,8774.0,BTC-PERPETUAL,8778.51,sell,250.0
46363908,74208316,1588204888958,2,8773.5,BTC-PERPETUAL,8778.51,sell,200.0
46363909,74208317,1588204888958,3,8773.5,BTC-PERPETUAL,8778.51,sell,40.0
46363910,74208318,1588204888958,3,8773.5,BTC-PERPETUAL,8778.51,sell,70.0
46363911,74208319,1588204888958,3,8773.5,BTC-PERPETUAL,8778.51,sell,1800.0
46363912,74208320,1588204888958,2,8773.0,BTC-PERPETUAL,8778.51,sell,100.0
46363913,74208321,1588204888958,3,8773.0,BTC-PERPETUAL,8778.51,sell,2000.0
46363914,74208322,1588204888958,3,8773.0,BTC-PERPETUAL,8778.51,sell,16250.0
46363915,74208323,1588204888958,2,8772.5,BTC-PERPETUAL,8778.51,sell,50.0
46363916,74208324,1588204888958,3,8772.5,BTC-PERPETUAL,8778.51,sell,2500.0
46363917,74208325,1588204888958,2,8772.0,BTC-PERPETUAL,8778.51,sell,1000.0
46363918,74208326,1588204888958,3,8772.0,BTC-PERPETUAL,8778.51,sell,150.0
46363919,74208327,1588204888958,3,8772.0,BTC-PERPETUAL,8778.51,sell,50.0
46363920,74208328,1588204888958,3,8772.0,BTC-PERPETUAL,8778.51,sell,100.0
46363921,74208329,1588204888958,3,8772.0,BTC-PERPETUAL,8778.51,sell,10.0
46363922,74208330,1588204888958,3,8772.0,BTC-PERPETUAL,8778.51,sell,4400.0
46363923,74208331,1588204888958,3,8772.0,BTC-PERPETUAL,8778.51,sell,4600.0
46363924,74208332,1588204888958,3,8772.0,BTC-PERPETUAL,8778.51,sell,400.0
46363925,74208333,1588204888958,3,8772.0,BTC-PERPETUAL,8778.51,sell,13160.0
46363926,74208334,1588204888958,2,8771.5,BTC-PERPETUAL,8778.51,sell,19700.0
46363927,74208336,1588204889037,3,8771.5,BTC-PERPETUAL,8778.51,sell,1290.0
46363928,74208337,1588204889137,3,8771.5,BTC-PERPETUAL,8778.12,sell,3710.0
46363929,74208338,1588204889144,3,8771.5,BTC-PERPETUAL,8778.12,sell,5000.0
46363930,74208340,1588204889158,3,8771.5,BTC-PERPETUAL,8778.12,sell,2600.0
46363931,74208341,1588204889158,3,8771.5,BTC-PERPETUAL,8778.12,sell,150.0
46363932,74208342,1588204889158,3,8771.5,BTC-PERPETUAL,8778.12,sell,50.0
46363933,74208343,1588204889158,3,8771.5,BTC-PERPETUAL,8778.12,sell,10.0
46363934,74208344,1588204889158,3,8771.5,BTC-PERPETUAL,8778.12,sell,2500.0
46363935,74208345,1588204889158,3,8771.5,BTC-PERPETUAL,8778.12,sell,1000.0
46363936,74208346,1588204889158,3,8771.5,BTC-PERPETUAL,8778.12,sell,100.0
46363937,74208347,1588204889158,3,8771.5,BTC-PERPETUAL,8778.12,sell,1800.0
46363938,74208348,1588204889158,2,8771.0,BTC-PERPETUAL,8778.12,sell,1790.0
46363939,74208349,1588204889161,3,8771.0,BTC-PERPETUAL,8778.12,sell,20200.0
46363940,74208350,1588204889161,3,8771.0,BTC-PERPETUAL,8778.12,sell,9290.0
46363941,74208351,1588204889161,2,8770.5,BTC-PERPETUAL,8778.12,sell,10.0
46363942,74208352,1588204889161,3,8770.5,BTC-PERPETUAL,8778.12,sell,10.0
46363943,74208353,1588204889161,3,8770.5,BTC-PERPETUAL,8778.12,sell,5000.0
46363944,74208354,1588204889161,3,8770.5,BTC-PERPETUAL,8778.12,sell,6000.0
46363945,74208355,1588204889161,3,8770.5,BTC-PERPETUAL,8778.12,sell,250.0
46363946,74208356,1588204889161,2,8770.0,BTC-PERPETUAL,8778.12,sell,10.0
46363947,74208357,1588204889161,3,8770.0,BTC-PERPETUAL,8778.12,sell,270.0
46363948,74208358,1588204889161,3,8770.0,BTC-PERPETUAL,8778.12,sell,100.0
46363949,74208359,1588204889161,3,8770.0,BTC-PERPETUAL,8778.12,sell,50.0
46363950,74208360,1588204889161,3,8770.0,BTC-PERPETUAL,8778.12,sell,50.0
46363951,74208361,1588204889161,3,8770.0,BTC-PERPETUAL,8778.12,sell,1000.0
46363952,74208362,1588204889161,3,8770.0,BTC-PERPETUAL,8778.12,sell,100.0
46363953,74208363,1588204889161,3,8770.0,BTC-PERPETUAL,8778.12,sell,500.0
46363954,74208364,1588204889161,3,8770.0,BTC-PERPETUAL,8778.12,sell,1160.0
46363955,74208365,1588204889169,3,8770.0,BTC-PERPETUAL,8778.12,sell,840.0
46363956,74208366,1588204889169,2,8769.5,BTC-PERPETUAL,8778.12,sell,50.0
46363957,74208367,1588204889169,3,8769.5,BTC-PERPETUAL,8778.12,sell,50.0
46363958,74208368,1588204889169,3,8769.5,BTC-PERPETUAL,8778.12,sell,250.0
46363959,74208369,1588204889169,2,8769.0,BTC-PERPETUAL,8778.12,sell,3810.0
46363960,74208372,1588204889200,3,8769.0,BTC-PERPETUAL,8778.12,sell,5000.0
46363961,74208373,1588204889351,3,8769.0,BTC-PERPETUAL,8778.12,sell,2000.0
46363962,74208380,1588204889386,3,8769.0,BTC-PERPETUAL,8778.12,sell,450.0
46363963,74208381,1588204889420,3,8769.0,BTC-PERPETUAL,8778.12,sell,50.0
46363964,74208386,1588204889458,3,8769.0,BTC-PERPETUAL,8778.12,sell,10.0
46363965,74208387,1588204889458,3,8769.0,BTC-PERPETUAL,8778.12,sell,100.0
46363966,74208388,1588204889458,3,8769.0,BTC-PERPETUAL,8778.12,sell,50.0
46363967,74208389,1588204889458,3,8769.0,BTC-PERPETUAL,8778.12,sell,10.0
46363968,74208390,1588204889458,3,8769.0,BTC-PERPETUAL,8778.12,sell,10.0
46363969,74208391,1588204889458,3,8769.0,BTC-PERPETUAL,8778.12,sell,1820.0
46363970,74208392,1588204889463,3,8769.0,BTC-PERPETUAL,8778.12,sell,6760.0
46363971,74208398,1588204889486,3,8769.0,BTC-PERPETUAL,8778.12,sell,500.0
46363972,74208399,1588204889486,3,8769.0,BTC-PERPETUAL,8778.12,sell,40.0
46363973,74208400,1588204889486,3,8769.0,BTC-PERPETUAL,8778.12,sell,1660.0
46363974,74208401,1588204889486,3,8769.0,BTC-PERPETUAL,8778.12,sell,800.0
46363975,74208402,1588204889490,3,8769.0,BTC-PERPETUAL,8778.12,sell,2000.0
46363976,74208403,1588204889492,3,8769.0,BTC-PERPETUAL,8778.12,sell,3000.0
46363977,74208404,1588204889496,3,8769.0,BTC-PERPETUAL,8778.12,sell,2000.0
46363978,74208405,1588204889500,3,8769.0,BTC-PERPETUAL,8778.12,sell,3000.0
46363979,74208406,1588204889502,3,8769.0,BTC-PERPETUAL,8778.12,sell,2000.0
46363980,74208408,1588204889521,3,8769.0,BTC-PERPETUAL,8778.12,sell,5000.0
46363981,74208409,1588204889530,3,8769.0,BTC-PERPETUAL,8778.12,sell,980.0
46363982,74208410,1588204889530,3,8769.0,BTC-PERPETUAL,8778.12,sell,2500.0
46363983,74208411,1588204889530,3,8769.0,BTC-PERPETUAL,8778.12,sell,1240.0
46363984,74208412,1588204889530,2,8768.5,BTC-PERPETUAL,8778.12,sell,10000.0
46363985,74208413,1588204889530,3,8768.5,BTC-PERPETUAL,8778.12,sell,56590.0
46363986,74208415,1588204889671,0,8769.0,BTC-PERPETUAL,8778.12,sell,50.0
46363987,74208435,1588204889788,2,8768.5,BTC-PERPETUAL,8778.12,sell,7190.0
46363988,74208436,1588204889845,3,8768.5,BTC-PERPETUAL,8778.12,sell,2020.0
46363989,74208437,1588204889918,3,8768.5,BTC-PERPETUAL,8778.12,sell,22820.0
46363990,74208438,1588204889918,3,8768.5,BTC-PERPETUAL,8778.12,sell,1310.0
46363991,74208439,1588204889918,3,8768.5,BTC-PERPETUAL,8778.12,sell,260.0
46363992,74208440,1588204889931,2,8768.0,BTC-PERPETUAL,8778.12,sell,2000.0
46363993,74208441,1588204889952,3,8768.0,BTC-PERPETUAL,8778.12,sell,1500.0
46363994,74208442,1588204889961,3,8768.0,BTC-PERPETUAL,8778.12,sell,3990.0
46363995,74208443,1588204889993,3,8768.0,BTC-PERPETUAL,8778.12,sell,5660.0
46363996,74208444,1588204889993,3,8768.0,BTC-PERPETUAL,8778.12,sell,250.0
46363997,74208445,1588204889993,3,8768.0,BTC-PERPETUAL,8778.12,sell,3000.0
46363998,74208446,1588204890006,2,8767.5,BTC-PERPETUAL,8778.12,sell,10.0
46363999,74208447,1588204890006,3,8767.5,BTC-PERPETUAL,8778.12,sell,10.0
46364000,74208448,1588204890006,3,8767.5,BTC-PERPETUAL,8778.12,sell,2480.0
46364001,74208449,1588204890009,3,8767.5,BTC-PERPETUAL,8778.12,sell,500.0
46364002,74208450,1588204890165,3,8767.5,BTC-PERPETUAL,8772.24,sell,17260.0
46364003,74208453,1588204890173,3,8767.5,BTC-PERPETUAL,8772.24,sell,3600.0
46364004,74208454,1588204890263,3,8767.5,BTC-PERPETUAL,8772.24,sell,10.0
46364005,74208455,1588204890263,3,8767.5,BTC-PERPETUAL,8772.24,sell,100.0
46364006,74208456,1588204890263,3,8767.5,BTC-PERPETUAL,8772.24,sell,130.0
46364007,74208458,1588204890271,3,8767.5,BTC-PERPETUAL,8772.24,sell,500.0
46364008,74208459,1588204890271,3,8767.5,BTC-PERPETUAL,8772.24,sell,3370.0
46364009,74208460,1588204890271,3,8767.5,BTC-PERPETUAL,8772.24,sell,4000.0
46364010,74208461,1588204890271,3,8767.5,BTC-PERPETUAL,8772.24,sell,15990.0
46364011,74208462,1588204890271,2,8767.0,BTC-PERPETUAL,8772.24,sell,100.0
46364012,74208463,1588204890271,3,8767.0,BTC-PERPETUAL,8772.24,sell,10.0
46364013,74208464,1588204890271,3,8767.0,BTC-PERPETUAL,8772.24,sell,3000.0
46364014,74208465,1588204890271,2,8766.5,BTC-PERPETUAL,8772.24,sell,10.0
46364015,74208466,1588204890271,3,8766.5,BTC-PERPETUAL,8772.24,sell,2500.0
46364016,74208467,1588204890271,2,8766.0,BTC-PERPETUAL,8772.24,sell,20.0
46364017,74208468,1588204890271,3,8766.0,BTC-PERPETUAL,8772.24,sell,20.0
46364018,74208469,1588204890271,3,8766.0,BTC-PERPETUAL,8772.24,sell,100.0
46364019,74208470,1588204890271,3,8766.0,BTC-PERPETUAL,8772.24,sell,12000.0
46364020,74208471,1588204890271,3,8766.0,BTC-PERPETUAL,8772.24,sell,12580.0
46364021,74208474,1588204890351,2,8765.5,BTC-PERPETUAL,8772.24,sell,3600.0
46364022,74208475,1588204890378,3,8765.5,BTC-PERPETUAL,8772.24,sell,1400.0
46364023,74208476,1588204890378,2,8765.0,BTC-PERPETUAL,8772.24,sell,480.0
46364024,74208477,1588204890400,0,8766.0,BTC-PERPETUAL,8772.24,buy,3000.0
46364025,74208478,1588204890412,2,8765.5,BTC-PERPETUAL,8772.24,sell,1800.0
46364026,74208479,1588204890412,2,8765.0,BTC-PERPETUAL,8772.24,sell,20.0
46364027,74208480,1588204890412,2,8764.5,BTC-PERPETUAL,8772.24,sell,1000.0
46364028,74208481,1588204890412,3,8764.5,BTC-PERPETUAL,8772.24,sell,40.0
46364029,74208484,1588204890711,2,8764.0,BTC-PERPETUAL,8772.24,sell,1000.0
46364030,74208485,1588204890711,3,8764.0,BTC-PERPETUAL,8772.24,sell,50.0
46364031,74208486,1588204890711,3,8764.0,BTC-PERPETUAL,8772.24,sell,10.0
46364032,74208487,1588204890711,3,8764.0,BTC-PERPETUAL,8772.24,sell,100.0
46364033,74208488,1588204890711,3,8764.0,BTC-PERPETUAL,8772.24,sell,10.0
46364034,74208489,1588204890711,3,8764.0,BTC-PERPETUAL,8772.24,sell,1590.0
46364035,74208490,1588204890724,3,8764.0,BTC-PERPETUAL,8772.24,sell,120.0
46364036,74208491,1588204890915,3,8764.0,BTC-PERPETUAL,8772.24,sell,250.0
46364037,74208492,1588204890915,3,8764.0,BTC-PERPETUAL,8772.24,sell,730.0
46364038,74208493,1588204890915,3,8764.0,BTC-PERPETUAL,8772.24,sell,20.0
46364039,74208494,1588204890915,3,8764.0,BTC-PERPETUAL,8772.24,sell,20.0
46364040,74208495,1588204890915,3,8764.0,BTC-PERPETUAL,8772.24,sell,20.0
46364041,74208498,1588204891189,3,8764.0,BTC-PERPETUAL,8769.58,sell,3600.0
46364042,74208499,1588204891189,3,8764.0,BTC-PERPETUAL,8769.58,sell,3600.0
46364043,74208500,1588204891189,3,8764.0,BTC-PERPETUAL,8769.58,sell,570.0
46364044,74208501,1588204891374,3,8764.0,BTC-PERPETUAL,8769.58,sell,2230.0
46364045,74208502,1588204891381,3,8764.0,BTC-PERPETUAL,8769.58,sell,2090.0
46364046,74208503,1588204891489,2,8763.5,BTC-PERPETUAL,8769.58,buy,170.0
46364047,74208505,1588204891526,2,8763.0,BTC-PERPETUAL,8769.58,sell,100.0
46364048,74208506,1588204891526,3,8763.0,BTC-PERPETUAL,8769.58,sell,700.0
46364049,74208507,1588204891526,2,8762.5,BTC-PERPETUAL,8769.58,sell,10.0
46364050,74208508,1588204891526,2,8762.0,BTC-PERPETUAL,8769.58,sell,1000.0
46364051,74208509,1588204891526,3,8762.0,BTC-PERPETUAL,8769.58,sell,10.0
46364052,74208510,1588204891526,3,8762.0,BTC-PERPETUAL,8769.58,sell,3110.0
46364053,74208511,1588204891552,2,8761.5,BTC-PERPETUAL,8769.58,sell,40.0
46364054,74208512,1588204891552,3,8761.5,BTC-PERPETUAL,8769.58,sell,10.0
46364055,74208513,1588204891552,3,8761.5,BTC-PERPETUAL,8769.58,sell,20.0
46364056,74208522,1588204891626,3,8761.5,BTC-PERPETUAL,8769.58,sell,23980.0
46364057,74208523,1588204891626,3,8761.5,BTC-PERPETUAL,8769.58,sell,500.0
46364058,74208524,1588204891626,3,8761.5,BTC-PERPETUAL,8769.58,sell,5000.0
46364059,74208525,1588204891626,3,8761.5,BTC-PERPETUAL,8769.58,sell,2000.0
46364060,74208528,1588204891725,2,8761.0,BTC-PERPETUAL,8769.58,sell,10.0
46364061,74208529,1588204891725,3,8761.0,BTC-PERPETUAL,8769.58,sell,500.0
46364062,74208530,1588204891725,2,8760.0,BTC-PERPETUAL,8769.58,sell,10.0
46364063,74208531,1588204891725,3,8760.0,BTC-PERPETUAL,8769.58,sell,280.0
46364064,74208532,1588204891725,3,8760.0,BTC-PERPETUAL,8769.58,sell,500.0
46364065,74208533,1588204891725,3,8760.0,BTC-PERPETUAL,8769.58,sell,10.0
46364066,74208534,1588204891725,3,8760.0,BTC-PERPETUAL,8769.58,sell,2500.0
46364067,74208535,1588204891725,2,8759.0,BTC-PERPETUAL,8769.58,sell,50.0
46364068,74208536,1588204891725,3,8759.0,BTC-PERPETUAL,8769.58,sell,10.0
46364069,74208537,1588204891725,3,8759.0,BTC-PERPETUAL,8769.58,sell,12130.0
46364070,74208545,1588204892490,0,8759.5,BTC-PERPETUAL,8768.44,buy,140.0
46364071,74208546,1588204892669,2,8759.0,BTC-PERPETUAL,8768.44,sell,5750.0
46364072,74208547,1588204892731,0,8759.5,BTC-PERPETUAL,8768.44,buy,100.0
46364073,74208548,1588204892735,2,8759.0,BTC-PERPETUAL,8768.44,sell,250.0
46364074,74208549,1588204892735,3,8759.0,BTC-PERPETUAL,8768.44,sell,10.0
46364075,74208550,1588204892735,3,8759.0,BTC-PERPETUAL,8768.44,sell,1000.0
46364076,74208552,1588204892945,3,8759.0,BTC-PERPETUAL,8768.44,sell,10.0
46364077,74208553,1588204892945,3,8759.0,BTC-PERPETUAL,8768.44,sell,500.0
46364078,74208554,1588204892945,2,8758.5,BTC-PERPETUAL,8768.44,sell,600.0
46364079,74208555,1588204892945,3,8758.5,BTC-PERPETUAL,8768.44,sell,1090.0
46364080,74208558,1588204893329,0,8759.0,BTC-PERPETUAL,8765.23,buy,10000.0
46364081,74208559,1588204893329,1,8759.0,BTC-PERPETUAL,8765.23,buy,3830.0
46364082,74208560,1588204893329,1,8759.0,BTC-PERPETUAL,8765.23,buy,3760.0
46364083,74208561,1588204893329,1,8759.0,BTC-PERPETUAL,8765.23,buy,8000.0
46364084,74208562,1588204893329,1,8759.0,BTC-PERPETUAL,8765.23,buy,1800.0
46364085,74208563,1588204893329,1,8759.0,BTC-PERPETUAL,8765.23,buy,330.0
46364086,74208564,1588204893329,1,8759.0,BTC-PERPETUAL,8765.23,buy,250.0
46364087,74208565,1588204893329,1,8759.0,BTC-PERPETUAL,8765.23,buy,250.0
46364088,74208566,1588204893329,1,8759.0,BTC-PERPETUAL,8765.23,buy,3000.0
46364089,74208567,1588204893329,1,8759.0,BTC-PERPETUAL,8765.23,buy,13630.0
46364090,74208568,1588204893332,1,8759.0,BTC-PERPETUAL,8765.23,buy,27650.0
46364091,74208570,1588204893335,1,8759.0,BTC-PERPETUAL,8765.23,buy,3720.0
46364092,74208571,1588204893335,1,8759.0,BTC-PERPETUAL,8765.23,buy,90.0
46364093,74208572,1588204893337,1,8759.0,BTC-PERPETUAL,8765.23,buy,9840.0
46364094,74208573,1588204893338,1,8759.0,BTC-PERPETUAL,8765.23,buy,8740.0
46364095,74208578,1588204893345,1,8759.0,BTC-PERPETUAL,8765.23,buy,20.0
46364096,74208581,1588204893352,0,8759.5,BTC-PERPETUAL,8765.23,buy,1660.0
46364097,74208582,1588204893352,1,8759.5,BTC-PERPETUAL,8765.23,buy,1240.0
46364098,74208583,1588204893352,1,8759.5,BTC-PERPETUAL,8765.23,buy,1310.0
46364099,74208584,1588204893352,1,8759.5,BTC-PERPETUAL,8765.23,buy,16440.0
46364100,74208586,1588204893355,1,8759.5,BTC-PERPETUAL,8765.23,buy,2250.0
46364101,74208587,1588204893355,1,8759.5,BTC-PERPETUAL,8765.23,buy,4360.0
46364102,74208588,1588204893356,1,8759.5,BTC-PERPETUAL,8765.23,buy,10.0
46364103,74208589,1588204893356,0,8760.0,BTC-PERPETUAL,8765.23,buy,990.0
46364104,74208590,1588204893375,1,8760.0,BTC-PERPETUAL,8765.23,buy,3460.0
46364105,74208591,1588204893376,2,8759.5,BTC-PERPETUAL,8765.23,buy,8000.0
46364106,74208592,1588204893376,0,8760.0,BTC-PERPETUAL,8765.23,buy,550.0
46364107,74208593,1588204893376,1,8760.0,BTC-PERPETUAL,8765.23,buy,8150.0
46364108,74208595,1588204893379,1,8760.0,BTC-PERPETUAL,8765.23,buy,4590.0
46364109,74208597,1588204893382,1,8760.0,BTC-PERPETUAL,8765.23,buy,4360.0
46364110,74208598,1588204893385,1,8760.0,BTC-PERPETUAL,8765.23,buy,2300.0
46364111,74208599,1588204893386,1,8760.0,BTC-PERPETUAL,8765.23,buy,25600.0
46364112,74208600,1588204893386,1,8760.0,BTC-PERPETUAL,8765.23,buy,90.0
46364113,74208601,1588204893387,0,8760.5,BTC-PERPETUAL,8765.23,buy,1000.0
46364114,74208602,1588204893387,1,8760.5,BTC-PERPETUAL,8765.23,buy,1000.0
46364115,74208604,1588204893393,0,8761.0,BTC-PERPETUAL,8765.23,buy,250.0
46364116,74208605,1588204893393,1,8761.0,BTC-PERPETUAL,8765.23,buy,8760.0
46364117,74208609,1588204893411,2,8760.5,BTC-PERPETUAL,8765.23,buy,4000.0
46364118,74208612,1588204893427,3,8760.5,BTC-PERPETUAL,8765.23,buy,7070.0
46364119,74208613,1588204893436,3,8760.5,BTC-PERPETUAL,8765.23,buy,930.0
46364120,74208618,1588204893577,0,8761.0,BTC-PERPETUAL,8765.23,buy,250.0
46364121,74208619,1588204893577,0,8761.5,BTC-PERPETUAL,8765.23,buy,750.0
46364122,74208620,1588204893580,1,8761.5,BTC-PERPETUAL,8765.23,buy,12580.0
46364123,74208621,1588204893584,1,8761.5,BTC-PERPETUAL,8765.23,buy,500.0
46364124,74208622,1588204893617,1,8761.5,BTC-PERPETUAL,8765.23,buy,2000.0
46364125,74208623,1588204893625,1,8761.5,BTC-PERPETUAL,8765.23,buy,2930.0
46364126,74208624,1588204893625,1,8761.5,BTC-PERPETUAL,8765.23,buy,250.0
46364127,74208625,1588204893625,1,8761.5,BTC-PERPETUAL,8765.23,buy,3350.0
46364128,74208628,1588204893897,1,8761.5,BTC-PERPETUAL,8765.23,buy,3750.0
46364129,74208629,1588204893906,1,8761.5,BTC-PERPETUAL,8765.23,buy,4090.0
46364130,74208630,1588204893927,1,8761.5,BTC-PERPETUAL,8765.23,buy,3000.0
46364131,74208631,1588204893927,1,8761.5,BTC-PERPETUAL,8765.23,buy,5000.0
46364132,74208632,1588204893947,1,8761.5,BTC-PERPETUAL,8765.23,buy,3740.0
46364133,74208634,1588204893959,1,8761.5,BTC-PERPETUAL,8765.23,buy,18870.0
46364134,74208635,1588204893992,1,8761.5,BTC-PERPETUAL,8765.23,buy,3000.0
46364135,74208636,1588204894010,1,8761.5,BTC-PERPETUAL,8765.23,buy,200.0
46364136,74208637,1588204894010,1,8761.5,BTC-PERPETUAL,8765.23,buy,1800.0
46364137,74208638,1588204894010,1,8761.5,BTC-PERPETUAL,8765.23,buy,2500.0
46364138,74208639,1588204894010,1,8761.5,BTC-PERPETUAL,8765.23,buy,2500.0
46364139,74208640,1588204894010,0,8762.5,BTC-PERPETUAL,8765.23,buy,250.0
46364140,74208641,1588204894010,1,8762.5,BTC-PERPETUAL,8765.23,buy,580.0
46364141,74208642,1588204894028,1,8762.5,BTC-PERPETUAL,8765.23,buy,2420.0
46364142,74208643,1588204894028,1,8762.5,BTC-PERPETUAL,8765.23,buy,250.0
46364143,74208644,1588204894028,0,8763.0,BTC-PERPETUAL,8765.23,buy,330.0
46364144,74208645,1588204894035,1,8763.0,BTC-PERPETUAL,8765.23,buy,2000.0
46364145,74208647,1588204894265,2,8762.5,BTC-PERPETUAL,8766.7,sell,1240.0
46364146,74208648,1588204894320,0,8763.0,BTC-PERPETUAL,8766.7,buy,3000.0
46364147,74208649,1588204894320,1,8763.0,BTC-PERPETUAL,8766.7,buy,240.0
46364148,74208650,1588204894370,0,8764.0,BTC-PERPETUAL,8766.7,sell,3000.0
46364149,74208651,1588204894484,1,8764.0,BTC-PERPETUAL,8766.7,sell,1000.0
46364150,74208652,1588204894484,1,8764.0,BTC-PERPETUAL,8766.7,sell,5000.0
46364151,74208653,1588204894484,1,8764.0,BTC-PERPETUAL,8766.7,sell,5960.0
46364152,74208654,1588204894627,0,8764.5,BTC-PERPETUAL,8766.7,buy,500.0
46364153,74208655,1588204894694,2,8764.0,BTC-PERPETUAL,8766.7,sell,28910.0
46364154,74208656,1588204897691,3,8764.0,BTC-PERPETUAL,8764.91,sell,75000.0
46364155,74208657,1588204897970,0,8764.5,BTC-PERPETUAL,8764.91,buy,820.0
46364156,74208658,1588204897970,1,8764.5,BTC-PERPETUAL,8764.91,buy,680.0
46364157,74208659,1588204897975,1,8764.5,BTC-PERPETUAL,8764.91,buy,14000.0
46364158,74208660,1588204897975,1,8764.5,BTC-PERPETUAL,8764.91,buy,2500.0
46364159,74208661,1588204897975,1,8764.5,BTC-PERPETUAL,8764.91,buy,300.0
46364160,74208662,1588204897975,1,8764.5,BTC-PERPETUAL,8764.91,buy,2500.0
46364161,74208663,1588204897975,1,8764.5,BTC-PERPETUAL,8764.91,buy,2910.0
46364162,74208664,1588204897976,1,8764.5,BTC-PERPETUAL,8764.91,buy,4100.0
46364163,74208665,1588204897977,1,8764.5,BTC-PERPETUAL,8764.91,buy,8500.0
46364164,74208666,1588204897978,1,8764.5,BTC-PERPETUAL,8764.91,buy,9490.0
46364165,74208667,1588204898223,0,8767.0,BTC-PERPETUAL,8765.02,buy,20.0
46364166,74208669,1588204898539,0,8769.0,BTC-PERPETUAL,8765.02,buy,10.0
46364167,74208670,1588204898539,1,8769.0,BTC-PERPETUAL,8765.02,buy,10.0
46364168,74208671,1588204898539,1,8769.0,BTC-PERPETUAL,8765.02,buy,880.0
46364169,74208672,1588204898539,0,8770.0,BTC-PERPETUAL,8765.02,buy,10.0
46364170,74208673,1588204898539,1,8770.0,BTC-PERPETUAL,8765.02,buy,50.0
46364171,74208674,1588204898539,1,8770.0,BTC-PERPETUAL,8765.02,buy,10.0
46364172,74208675,1588204898539,1,8770.0,BTC-PERPETUAL,8765.02,buy,270.0
46364173,74208676,1588204898539,0,8770.5,BTC-PERPETUAL,8765.02,buy,10.0
46364174,74208677,1588204898539,0,8771.5,BTC-PERPETUAL,8765.02,buy,10.0
46364175,74208678,1588204898539,1,8771.5,BTC-PERPETUAL,8765.02,buy,10.0
46364176,74208679,1588204898539,1,8771.5,BTC-PERPETUAL,8765.02,buy,1100.0
46364177,74208680,1588204898539,1,8771.5,BTC-PERPETUAL,8765.02,buy,400.0
46364178,74208681,1588204898539,1,8771.5,BTC-PERPETUAL,8765.02,buy,250.0
46364179,74208682,1588204898539,0,8772.0,BTC-PERPETUAL,8765.02,buy,1000.0
46364180,74208683,1588204898539,1,8772.0,BTC-PERPETUAL,8765.02,buy,20670.0
46364181,74208684,1588204898539,1,8772.0,BTC-PERPETUAL,8765.02,buy,250.0
46364182,74208685,1588204898539,1,8772.0,BTC-PERPETUAL,8765.02,buy,5060.0
46364183,74208693,1588204898974,1,8772.0,BTC-PERPETUAL,8765.02,buy,50.0
46364184,74208694,1588204898974,1,8772.0,BTC-PERPETUAL,8765.02,buy,1000.0
46364185,74208695,1588204898980,0,8772.5,BTC-PERPETUAL,8765.02,buy,2050.0
46364186,74208696,1588204898980,1,8772.5,BTC-PERPETUAL,8765.02,buy,170.0
46364187,74208697,1588204898980,0,8773.0,BTC-PERPETUAL,8765.02,buy,20.0
46364188,74208700,1588204898987,0,8773.5,BTC-PERPETUAL,8765.02,buy,2420.0
46364189,74208703,1588204899761,2,8773.0,BTC-PERPETUAL,8766.98,sell,580.0
46364190,74208705,1588204900969,0,8773.5,BTC-PERPETUAL,8767.85,buy,200.0
46364191,74208706,1588204900969,1,8773.5,BTC-PERPETUAL,8767.85,buy,19080.0
46364192,74208707,1588204900969,1,8773.5,BTC-PERPETUAL,8767.85,buy,1000.0
46364193,74208708,1588204900969,1,8773.5,BTC-PERPETUAL,8767.85,buy,20.0
46364194,74208709,1588204900969,1,8773.5,BTC-PERPETUAL,8767.85,buy,20.0
46364195,74208710,1588204900969,1,8773.5,BTC-PERPETUAL,8767.85,buy,20.0
46364196,74208711,1588204900969,1,8773.5,BTC-PERPETUAL,8767.85,buy,1660.0
46364197,74208712,1588204900969,1,8773.5,BTC-PERPETUAL,8767.85,buy,2500.0
46364198,74208713,1588204900969,1,8773.5,BTC-PERPETUAL,8767.85,buy,570.0
46364199,74208714,1588204900969,1,8773.5,BTC-PERPETUAL,8767.85,buy,1250.0
46364200,74208716,1588204904473,1,8773.5,BTC-PERPETUAL,8769.32,sell,1800.0
46364201,74208717,1588204904473,1,8773.5,BTC-PERPETUAL,8769.32,sell,16000.0
46364202,74208718,1588204904473,1,8773.5,BTC-PERPETUAL,8769.32,sell,10.0
46364203,74208719,1588204904473,1,8773.5,BTC-PERPETUAL,8769.32,sell,10.0
46364204,74208721,1588204904475,2,8773.0,BTC-PERPETUAL,8769.32,sell,50.0
46364205,74208723,1588204904478,2,8772.5,BTC-PERPETUAL,8769.32,sell,340.0
46364206,74208724,1588204904478,3,8772.5,BTC-PERPETUAL,8769.32,sell,4380.0
46364207,74208725,1588204904478,2,8772.0,BTC-PERPETUAL,8769.32,sell,490.0
46364208,74208727,1588204904481,3,8772.0,BTC-PERPETUAL,8769.32,sell,10.0
46364209,74208728,1588204904485,3,8772.0,BTC-PERPETUAL,8769.32,sell,1800.0
46364210,74208729,1588204904492,2,8771.0,BTC-PERPETUAL,8769.32,sell,2460.0
46364211,74208730,1588204904495,3,8771.0,BTC-PERPETUAL,8769.32,sell,2460.0
46364212,74208731,1588204904501,3,8771.0,BTC-PERPETUAL,8769.32,sell,250.0
46364213,74208732,1588204904503,2,8770.5,BTC-PERPETUAL,8769.32,sell,10.0
46364214,74208733,1588204904503,3,8770.5,BTC-PERPETUAL,8769.32,sell,10.0
46364215,74208734,1588204904503,3,8770.5,BTC-PERPETUAL,8769.32,sell,870.0
46364216,74208735,1588204904503,3,8770.5,BTC-PERPETUAL,8769.32,sell,250.0
46364217,74208736,1588204904503,3,8770.5,BTC-PERPETUAL,8769.32,sell,1320.0
46364218,74208737,1588204904503,2,8770.0,BTC-PERPETUAL,8769.32,sell,6310.0
46364219,74208739,1588204904506,0,8770.5,BTC-PERPETUAL,8769.32,sell,8770.0
46364220,74208740,1588204904509,1,8770.5,BTC-PERPETUAL,8769.32,sell,2460.0
46364221,74208741,1588204904516,1,8770.5,BTC-PERPETUAL,8769.32,sell,2460.0
46364222,74208742,1588204904525,1,8770.5,BTC-PERPETUAL,8769.32,sell,2310.0
46364223,74208743,1588204904533,2,8770.0,BTC-PERPETUAL,8769.32,sell,2250.0
46364224,74208745,1588204904549,3,8770.0,BTC-PERPETUAL,8769.32,sell,210.0
46364225,74208754,1588204904578,2,8769.5,BTC-PERPETUAL,8769.32,sell,1000.0
46364226,74208755,1588204904578,3,8769.5,BTC-PERPETUAL,8769.32,sell,1000.0
46364227,74208757,1588204904595,2,8768.0,BTC-PERPETUAL,8769.32,sell,2000.0
46364228,74208758,1588204904595,3,8768.0,BTC-PERPETUAL,8769.32,sell,250.0
46364229,74208759,1588204904595,3,8768.0,BTC-PERPETUAL,8769.32,sell,20170.0
46364230,74208761,1588204904605,3,8768.0,BTC-PERPETUAL,8769.32,sell,24830.0
46364231,74208762,1588204904605,3,8768.0,BTC-PERPETUAL,8769.32,sell,570.0
46364232,74208763,1588204904605,3,8768.0,BTC-PERPETUAL,8769.32,sell,1800.0
46364233,74208764,1588204904605,2,8766.5,BTC-PERPETUAL,8769.32,sell,1000.0
46364234,74208765,1588204904605,3,8766.5,BTC-PERPETUAL,8769.32,sell,250.0
46364235,74208766,1588204904605,3,8766.5,BTC-PERPETUAL,8769.32,sell,400.0
46364236,74208767,1588204904605,3,8766.5,BTC-PERPETUAL,8769.32,sell,400.0
46364237,74208768,1588204904605,3,8766.5,BTC-PERPETUAL,8769.32,sell,14750.0
46364238,74208774,1588204904881,3,8766.5,BTC-PERPETUAL,8769.32,sell,2100.0
46364239,74208776,1588204904903,3,8766.5,BTC-PERPETUAL,8769.32,sell,250.0
46364240,74208777,1588204904903,3,8766.5,BTC-PERPETUAL,8769.32,sell,250.0
46364241,74208778,1588204904903,3,8766.5,BTC-PERPETUAL,8769.32,sell,250.0
46364242,74208779,1588204904903,3,8766.5,BTC-PERPETUAL,8769.32,sell,250.0
46364243,74208780,1588204909101,3,8766.5,BTC-PERPETUAL,8767.0,buy,1240.0
46364244,74208781,1588204909101,3,8766.5,BTC-PERPETUAL,8767.0,buy,760.0
46364245,74208782,1588204909103,3,8766.5,BTC-PERPETUAL,8767.0,buy,15240.0
46364246,74208783,1588204909103,3,8766.5,BTC-PERPETUAL,8767.0,buy,1240.0
46364247,74208784,1588204909103,3,8766.5,BTC-PERPETUAL,8767.0,buy,250.0
46364248,74208785,1588204909103,3,8766.5,BTC-PERPETUAL,8767.0,buy,1240.0
46364249,74208786,1588204909103,3,8766.5,BTC-PERPETUAL,8767.0,buy,1000.0
46364250,74208787,1588204909130,0,8767.0,BTC-PERPETUAL,8767.0,buy,330.0
46364251,74208788,1588204909130,1,8767.0,BTC-PERPETUAL,8767.0,buy,490.0
46364252,74208789,1588204909318,1,8767.0,BTC-PERPETUAL,8766.17,buy,2000.0
46364253,74208790,1588204909489,1,8767.0,BTC-PERPETUAL,8766.17,buy,12510.0
46364254,74208791,1588204909489,1,8767.0,BTC-PERPETUAL,8766.17,buy,1000.0
46364255,74208792,1588204912337,0,8770.0,BTC-PERPETUAL,8766.43,sell,2480.0
46364256,74208793,1588204912337,1,8770.0,BTC-PERPETUAL,8766.43,sell,2000.0
46364257,74208794,1588204912337,1,8770.0,BTC-PERPETUAL,8766.43,sell,3000.0
46364258,74208795,1588204912337,1,8770.0,BTC-PERPETUAL,8766.43,sell,10.0
46364259,74208796,1588204912337,1,8770.0,BTC-PERPETUAL,8766.43,sell,250.0
46364260,74208797,1588204915849,2,8767.5,BTC-PERPETUAL,8766.2,buy,880.0
46364261,74208798,1588204915849,3,8767.5,BTC-PERPETUAL,8766.2,buy,250.0
46364262,74208799,1588204916728,0,8768.5,BTC-PERPETUAL,8767.83,sell,4000.0
46364263,74208800,1588204916728,1,8768.5,BTC-PERPETUAL,8767.83,sell,4000.0
46364264,74208801,1588204916728,1,8768.5,BTC-PERPETUAL,8767.83,sell,2000.0
46364265,74208810,1588204918184,0,8769.0,BTC-PERPETUAL,8768.29,buy,1320.0
46364266,74208811,1588204918184,1,8769.0,BTC-PERPETUAL,8768.29,buy,4000.0
46364267,74208812,1588204918184,1,8769.0,BTC-PERPETUAL,8768.29,buy,4000.0
46364268,74208815,1588204925870,0,8771.5,BTC-PERPETUAL,8771.16,buy,10.0
46364269,74208816,1588204925870,1,8771.5,BTC-PERPETUAL,8771.16,buy,10.0
46364270,74208817,1588204925870,1,8771.5,BTC-PERPETUAL,8771.16,buy,400.0
46364271,74208818,1588204925870,1,8771.5,BTC-PERPETUAL,8771.16,buy,400.0
46364272,74208819,1588204925870,1,8771.5,BTC-PERPETUAL,8771.16,buy,100.0
46364273,74208820,1588204925870,1,8771.5,BTC-PERPETUAL,8771.16,buy,1000.0
46364274,74208821,1588204925870,1,8771.5,BTC-PERPETUAL,8771.16,buy,11260.0
46364275,74208822,1588204926020,1,8771.5,BTC-PERPETUAL,8771.16,buy,6280.0
46364276,74208823,1588204926020,1,8771.5,BTC-PERPETUAL,8771.16,buy,2000.0
46364277,74208824,1588204926020,1,8771.5,BTC-PERPETUAL,8771.16,buy,870.0
46364278,74208825,1588204926020,1,8771.5,BTC-PERPETUAL,8771.16,buy,1000.0
46364279,74208827,1588204926025,1,8771.5,BTC-PERPETUAL,8771.16,buy,3600.0
46364280,74208828,1588204926029,0,8772.0,BTC-PERPETUAL,8771.16,buy,250.0
46364281,74208829,1588204926034,0,8772.5,BTC-PERPETUAL,8771.16,buy,1000.0
46364282,74208837,1588204926050,0,8773.0,BTC-PERPETUAL,8771.16,buy,10.0
46364283,74208838,1588204926050,1,8773.0,BTC-PERPETUAL,8771.16,buy,10.0
46364284,74208839,1588204926050,1,8773.0,BTC-PERPETUAL,8771.16,buy,250.0
46364285,74208840,1588204926087,0,8773.5,BTC-PERPETUAL,8771.16,buy,90.0
46364286,74208841,1588204926087,0,8774.0,BTC-PERPETUAL,8771.16,buy,10.0
46364287,74208842,1588204926087,1,8774.0,BTC-PERPETUAL,8771.16,buy,10.0
46364288,74208843,1588204926087,1,8774.0,BTC-PERPETUAL,8771.16,buy,10.0
46364289,74208844,1588204926087,1,8774.0,BTC-PERPETUAL,8771.16,buy,10.0
46364290,74208845,1588204926087,0,8774.5,BTC-PERPETUAL,8771.16,buy,1000.0
46364291,74208846,1588204926087,1,8774.5,BTC-PERPETUAL,8771.16,buy,250.0
46364292,74208847,1588204926087,0,8775.0,BTC-PERPETUAL,8771.16,buy,1000.0
46364293,74208848,1588204926087,1,8775.0,BTC-PERPETUAL,8771.16,buy,10.0
46364294,74208849,1588204926087,1,8775.0,BTC-PERPETUAL,8771.16,buy,10.0
46364295,74208850,1588204926087,1,8775.0,BTC-PERPETUAL,8771.16,buy,250.0
46364296,74208851,1588204926087,1,8775.0,BTC-PERPETUAL,8771.16,buy,10.0
46364297,74208852,1588204926087,0,8775.5,BTC-PERPETUAL,8771.16,buy,250.0
46364298,74208853,1588204926087,1,8775.5,BTC-PERPETUAL,8771.16,buy,4380.0
46364299,74208854,1588204926087,0,8776.0,BTC-PERPETUAL,8771.16,buy,20.0
46364300,74208855,1588204926087,1,8776.0,BTC-PERPETUAL,8771.16,buy,20.0
46364301,74208856,1588204926087,1,8776.0,BTC-PERPETUAL,8771.16,buy,3220.0
46364302,74208867,1588204926411,1,8776.0,BTC-PERPETUAL,8771.81,buy,20.0
46364303,74208869,1588204926499,1,8776.0,BTC-PERPETUAL,8771.81,buy,3040.0
46364304,74208871,1588204926505,1,8776.0,BTC-PERPETUAL,8771.81,buy,3470.0
46364305,74208872,1588204926624,1,8776.0,BTC-PERPETUAL,8771.81,buy,250.0
46364306,74208873,1588204926624,1,8776.0,BTC-PERPETUAL,8771.81,buy,10.0
46364307,74208874,1588204926624,1,8776.0,BTC-PERPETUAL,8771.81,buy,500.0
46364308,74208875,1588204926824,0,8776.5,BTC-PERPETUAL,8771.81,sell,8770.0
46364309,74208876,1588204926824,1,8776.5,BTC-PERPETUAL,8771.81,sell,6830.0
46364310,74208877,1588204931195,0,8777.0,BTC-PERPETUAL,8773.87,buy,10.0
46364311,74208878,1588204931195,1,8777.0,BTC-PERPETUAL,8773.87,buy,500.0
46364312,74208879,1588204931195,1,8777.0,BTC-PERPETUAL,8773.87,buy,5000.0
46364313,74208880,1588204931195,1,8777.0,BTC-PERPETUAL,8773.87,buy,490.0
46364314,74208884,1588204936427,0,8778.0,BTC-PERPETUAL,8776.48,buy,10.0
46364315,74208885,1588204936427,1,8778.0,BTC-PERPETUAL,8776.48,buy,40.0
46364316,74208886,1588204942617,2,8777.5,BTC-PERPETUAL,8776.29,sell,1000.0
46364317,74208887,1588204942617,3,8777.5,BTC-PERPETUAL,8776.29,sell,4000.0
46364318,74208888,1588204942617,3,8777.5,BTC-PERPETUAL,8776.29,sell,10.0
46364319,74208889,1588204942707,2,8776.5,BTC-PERPETUAL,8776.29,sell,4720.0
46364320,74208892,1588204942708,3,8776.5,BTC-PERPETUAL,8776.29,sell,8200.0
46364321,74208893,1588204942710,3,8776.5,BTC-PERPETUAL,8776.29,sell,7600.0
46364322,74208894,1588204942710,3,8776.5,BTC-PERPETUAL,8776.29,sell,50.0
46364323,74208895,1588204942712,2,8776.0,BTC-PERPETUAL,8776.29,sell,190.0
46364324,74208896,1588204942712,3,8776.0,BTC-PERPETUAL,8776.29,sell,30.0
46364325,74208900,1588204958802,2,8775.5,BTC-PERPETUAL,8775.55,buy,180.0
46364326,74208901,1588204960460,2,8775.0,BTC-PERPETUAL,8775.5,sell,110.0
46364327,74208902,1588204979093,3,8775.0,BTC-PERPETUAL,8776.06,sell,30.0
46364328,74208903,1588204979093,3,8775.0,BTC-PERPETUAL,8776.06,sell,50.0
46364329,74208904,1588204979093,3,8775.0,BTC-PERPETUAL,8776.06,sell,20.0
46364330,74208905,1588204979093,3,8775.0,BTC-PERPETUAL,8776.06,sell,510.0
46364331,74208906,1588204994002,2,8774.0,BTC-PERPETUAL,8774.8,sell,10.0
46364332,74208907,1588204994002,3,8774.0,BTC-PERPETUAL,8774.8,sell,10.0
46364333,74208908,1588204994002,3,8774.0,BTC-PERPETUAL,8774.8,sell,70.0
46364334,74208909,1588204994002,3,8774.0,BTC-PERPETUAL,8774.8,sell,910.0
46364335,74208912,1588205067984,3,8774.0,BTC-PERPETUAL,8770.22,sell,10.0
46364336,74208913,1588205067984,3,8774.0,BTC-PERPETUAL,8770.22,sell,50.0
46364337,74208914,1588205067984,3,8774.0,BTC-PERPETUAL,8770.22,sell,910.0
46364338,74208915,1588205067984,3,8774.0,BTC-PERPETUAL,8770.22,sell,20.0
46364339,74208916,1588205067984,3,8774.0,BTC-PERPETUAL,8770.22,sell,550.0
46364340,74208917,1588205067984,3,8774.0,BTC-PERPETUAL,8770.22,sell,7230.0
46364341,74208918,1588205067997,3,8774.0,BTC-PERPETUAL,8770.22,sell,8770.0
46364342,74208919,1588205068657,3,8774.0,BTC-PERPETUAL,8770.29,sell,1540.0
46364343,74208920,1588205068657,3,8774.0,BTC-PERPETUAL,8770.29,sell,10.0
46364344,74208921,1588205068657,3,8774.0,BTC-PERPETUAL,8770.29,sell,250.0
46364345,74208922,1588205068657,2,8773.5,BTC-PERPETUAL,8770.29,sell,60.0
46364346,74208923,1588205068657,2,8772.0,BTC-PERPETUAL,8770.29,sell,70.0
46364347,74208924,1588205068657,2,8771.5,BTC-PERPETUAL,8770.29,sell,250.0
46364348,74208925,1588205068657,3,8771.5,BTC-PERPETUAL,8770.29,sell,500.0
46364349,74208926,1588205068657,2,8771.0,BTC-PERPETUAL,8770.29,sell,250.0
46364350,74208927,1588205068657,3,8771.0,BTC-PERPETUAL,8770.29,sell,170.0
46364351,74208928,1588205068657,2,8770.5,BTC-PERPETUAL,8770.29,sell,10.0
46364352,74208929,1588205068657,3,8770.5,BTC-PERPETUAL,8770.29,sell,10.0
46364353,74208930,1588205068657,3,8770.5,BTC-PERPETUAL,8770.29,sell,250.0
46364354,74208931,1588205068657,3,8770.5,BTC-PERPETUAL,8770.29,sell,4380.0
46364355,74208932,1588205068657,2,8770.0,BTC-PERPETUAL,8770.29,sell,500.0
46364356,74208933,1588205068657,3,8770.0,BTC-PERPETUAL,8770.29,sell,500.0
46364357,74208934,1588205068657,3,8770.0,BTC-PERPETUAL,8770.29,sell,50.0
46364358,74208935,1588205068657,3,8770.0,BTC-PERPETUAL,8770.29,sell,40.0
46364359,74208936,1588205068657,3,8770.0,BTC-PERPETUAL,8770.29,sell,120.0
46364360,74208937,1588205068668,3,8770.0,BTC-PERPETUAL,8770.29,sell,130.0
46364361,74208938,1588205068668,3,8770.0,BTC-PERPETUAL,8770.29,sell,70.0
46364362,74208939,1588205068668,3,8770.0,BTC-PERPETUAL,8770.29,sell,3600.0
46364363,74208940,1588205068668,2,8769.0,BTC-PERPETUAL,8770.29,sell,10.0
46364364,74208941,1588205068668,3,8769.0,BTC-PERPETUAL,8770.29,sell,10.0
46364365,74208942,1588205068668,3,8769.0,BTC-PERPETUAL,8770.29,sell,10.0
46364366,74208943,1588205068668,3,8769.0,BTC-PERPETUAL,8770.29,sell,10.0
46364367,74208944,1588205068668,3,8769.0,BTC-PERPETUAL,8770.29,sell,250.0
46364368,74208945,1588205068668,3,8769.0,BTC-PERPETUAL,8770.29,sell,1320.0
46364369,74208946,1588205068668,2,8768.5,BTC-PERPETUAL,8770.29,sell,1000.0
46364370,74208947,1588205068668,3,8768.5,BTC-PERPETUAL,8770.29,sell,17300.0
46364371,74208948,1588205068668,3,8768.5,BTC-PERPETUAL,8770.29,sell,4950.0
46364372,74208949,1588205068715,3,8768.5,BTC-PERPETUAL,8770.29,sell,3810.0
46364373,74208950,1588205068715,3,8768.5,BTC-PERPETUAL,8770.29,sell,170.0
46364374,74208951,1588205068715,3,8768.5,BTC-PERPETUAL,8770.29,sell,470.0
46364375,74208952,1588205068781,3,8768.5,BTC-PERPETUAL,8770.29,sell,250.0
46364376,74208953,1588205068781,3,8768.5,BTC-PERPETUAL,8770.29,sell,250.0
46364377,74208954,1588205068781,3,8768.5,BTC-PERPETUAL,8770.29,sell,250.0
46364378,74208955,1588205068781,2,8768.0,BTC-PERPETUAL,8770.29,sell,40.0
46364379,74208956,1588205068781,2,8766.5,BTC-PERPETUAL,8770.29,sell,210.0
46364380,74208957,1588205068798,3,8766.5,BTC-PERPETUAL,8770.29,sell,190.0
46364381,74208958,1588205068798,3,8766.5,BTC-PERPETUAL,8770.29,sell,400.0
46364382,74208959,1588205068798,3,8766.5,BTC-PERPETUAL,8770.29,sell,410.0
46364383,74208963,1588205068848,3,8766.5,BTC-PERPETUAL,8770.29,sell,820.0
46364384,74208965,1588205068877,3,8766.5,BTC-PERPETUAL,8770.29,sell,310.0
46364385,74208966,1588205068883,3,8766.5,BTC-PERPETUAL,8770.29,sell,960.0
46364386,74208967,1588205068883,3,8766.5,BTC-PERPETUAL,8770.29,sell,250.0
46364387,74208968,1588205068883,3,8766.5,BTC-PERPETUAL,8770.29,sell,1660.0
46364388,74208969,1588205068883,3,8766.5,BTC-PERPETUAL,8770.29,sell,1230.0
46364389,74208970,1588205068883,3,8766.5,BTC-PERPETUAL,8770.29,sell,350.0
46364390,74208991,1588205069026,3,8766.5,BTC-PERPETUAL,8770.29,sell,500.0
46364391,74208992,1588205069026,3,8766.5,BTC-PERPETUAL,8770.29,sell,1000.0
46364392,74208993,1588205069026,3,8766.5,BTC-PERPETUAL,8770.29,sell,250.0
46364393,74208998,1588205069344,3,8766.5,BTC-PERPETUAL,8770.29,sell,1660.0
46364394,74208999,1588205069344,3,8766.5,BTC-PERPETUAL,8770.29,sell,1000.0
46364395,74209001,1588205071562,3,8766.5,BTC-PERPETUAL,8767.45,sell,20.0
46364396,74209002,1588205071562,3,8766.5,BTC-PERPETUAL,8767.45,sell,20.0
46364397,74209003,1588205071562,3,8766.5,BTC-PERPETUAL,8767.45,sell,20.0
46364398,74209004,1588205071562,3,8766.5,BTC-PERPETUAL,8767.45,sell,3440.0
46364399,74209005,1588205072946,3,8766.5,BTC-PERPETUAL,8767.44,sell,5430.0
46364400,74209006,1588205075639,3,8766.5,BTC-PERPETUAL,8764.76,sell,2000.0
46364401,74209007,1588205075798,3,8766.5,BTC-PERPETUAL,8764.76,sell,2150.0
46364402,74209008,1588205075907,3,8766.5,BTC-PERPETUAL,8764.76,sell,50.0
46364403,74209009,1588205075907,3,8766.5,BTC-PERPETUAL,8764.76,sell,30.0
46364404,74209010,1588205075907,3,8766.5,BTC-PERPETUAL,8764.76,sell,210.0
46364405,74209011,1588205075907,2,8766.0,BTC-PERPETUAL,8764.76,sell,500.0
46364406,74209012,1588205075907,3,8766.0,BTC-PERPETUAL,8764.76,sell,20.0
46364407,74209013,1588205075907,3,8766.0,BTC-PERPETUAL,8764.76,sell,20.0
46364408,74209014,1588205075907,3,8766.0,BTC-PERPETUAL,8764.76,sell,10.0
46364409,74209015,1588205075907,3,8766.0,BTC-PERPETUAL,8764.76,sell,10.0
46364410,74209016,1588205075907,3,8766.0,BTC-PERPETUAL,8764.76,sell,500.0
46364411,74209017,1588205075907,2,8765.0,BTC-PERPETUAL,8764.76,sell,10.0
46364412,74209018,1588205075907,3,8765.0,BTC-PERPETUAL,8764.76,sell,10.0
46364413,74209019,1588205075907,3,8765.0,BTC-PERPETUAL,8764.76,sell,500.0
46364414,74209020,1588205075907,2,8764.0,BTC-PERPETUAL,8764.76,sell,500.0
46364415,74209021,1588205075907,3,8764.0,BTC-PERPETUAL,8764.76,sell,10.0
46364416,74209022,1588205075907,3,8764.0,BTC-PERPETUAL,8764.76,sell,10.0
46364417,74209023,1588205075907,3,8764.0,BTC-PERPETUAL,8764.76,sell,60.0
46364418,74209024,1588205075907,2,8763.0,BTC-PERPETUAL,8764.76,sell,60.0
46364419,74209025,1588205075907,2,8761.5,BTC-PERPETUAL,8764.76,sell,7490.0
46364420,74209028,1588205085521,0,8763.5,BTC-PERPETUAL,8762.49,sell,1000.0
46364421,74209029,1588205085521,1,8763.5,BTC-PERPETUAL,8762.49,sell,17530.0
46364422,74209030,1588205085521,1,8763.5,BTC-PERPETUAL,8762.49,sell,50.0
46364423,74209031,1588205085521,1,8763.5,BTC-PERPETUAL,8762.49,sell,50.0
46364424,74209032,1588205085521,1,8763.5,BTC-PERPETUAL,8762.49,sell,10.0
46364425,74209034,1588205087825,2,8762.0,BTC-PERPETUAL,8762.0,sell,1000.0
46364426,74209035,1588205087825,3,8762.0,BTC-PERPETUAL,8762.0,sell,17520.0
46364427,74209036,1588205087825,3,8762.0,BTC-PERPETUAL,8762.0,sell,30.0
46364428,74209037,1588205087825,3,8762.0,BTC-PERPETUAL,8762.0,sell,10.0
46364429,74209038,1588205087825,3,8762.0,BTC-PERPETUAL,8762.0,sell,10.0
46364430,74209039,1588205087825,2,8761.0,BTC-PERPETUAL,8762.0,sell,100.0
46364431,74209040,1588205087825,3,8761.0,BTC-PERPETUAL,8762.0,sell,10.0
46364432,74209041,1588205087825,3,8761.0,BTC-PERPETUAL,8762.0,sell,10.0
46364433,74209042,1588205087825,2,8760.0,BTC-PERPETUAL,8762.0,sell,10.0
46364434,74209043,1588205087825,3,8760.0,BTC-PERPETUAL,8762.0,sell,280.0
46364435,74209044,1588205087825,3,8760.0,BTC-PERPETUAL,8762.0,sell,500.0
46364436,74209045,1588205087825,3,8760.0,BTC-PERPETUAL,8762.0,sell,100.0
46364437,74209046,1588205087825,3,8760.0,BTC-PERPETUAL,8762.0,sell,50.0
46364438,74209047,1588205087825,2,8759.0,BTC-PERPETUAL,8762.0,sell,10.0
46364439,74209048,1588205087825,3,8759.0,BTC-PERPETUAL,8762.0,sell,10.0
46364440,74209049,1588205087825,3,8759.0,BTC-PERPETUAL,8762.0,sell,70.0
46364441,74209050,1588205087825,2,8758.5,BTC-PERPETUAL,8762.0,sell,1800.0
46364442,74209051,1588205087825,2,8758.0,BTC-PERPETUAL,8762.0,sell,100.0
46364443,74209052,1588205087825,2,8757.5,BTC-PERPETUAL,8762.0,sell,2000.0
46364444,74209053,1588205087825,3,8757.5,BTC-PERPETUAL,8762.0,sell,700.0
46364445,74209054,1588205087825,3,8757.5,BTC-PERPETUAL,8762.0,sell,230.0
46364446,74209055,1588205087825,2,8757.0,BTC-PERPETUAL,8762.0,sell,30.0
46364447,74209056,1588205087825,3,8757.0,BTC-PERPETUAL,8762.0,sell,30.0
46364448,74209057,1588205087825,3,8757.0,BTC-PERPETUAL,8762.0,sell,10.0
46364449,74209058,1588205087825,3,8757.0,BTC-PERPETUAL,8762.0,sell,3000.0
46364450,74209059,1588205087825,3,8757.0,BTC-PERPETUAL,8762.0,sell,100.0
46364451,74209060,1588205087825,3,8757.0,BTC-PERPETUAL,8762.0,sell,2510.0
46364452,74209061,1588205087825,2,8756.5,BTC-PERPETUAL,8762.0,sell,10.0
46364453,74209062,1588205087825,3,8756.5,BTC-PERPETUAL,8762.0,sell,15700.0
46364454,74209063,1588205087825,2,8756.0,BTC-PERPETUAL,8762.0,sell,500.0
46364455,74209064,1588205087825,3,8756.0,BTC-PERPETUAL,8762.0,sell,10.0
46364456,74209065,1588205087825,3,8756.0,BTC-PERPETUAL,8762.0,sell,500.0
46364457,74209066,1588205087825,3,8756.0,BTC-PERPETUAL,8762.0,sell,50.0
46364458,74209067,1588205087825,3,8756.0,BTC-PERPETUAL,8762.0,sell,9760.0
46364459,74209068,1588205087825,2,8755.5,BTC-PERPETUAL,8762.0,sell,32000.0
46364460,74209069,1588205087825,3,8755.5,BTC-PERPETUAL,8762.0,sell,10.0
46364461,74209070,1588205087825,3,8755.5,BTC-PERPETUAL,8762.0,sell,10.0
46364462,74209071,1588205087825,3,8755.5,BTC-PERPETUAL,8762.0,sell,18900.0
46364463,74209072,1588205087825,3,8755.5,BTC-PERPETUAL,8762.0,sell,500.0
46364464,74209073,1588205087825,2,8755.0,BTC-PERPETUAL,8762.0,sell,500.0
46364465,74209074,1588205087825,3,8755.0,BTC-PERPETUAL,8762.0,sell,100.0
46364466,74209075,1588205087825,3,8755.0,BTC-PERPETUAL,8762.0,sell,10.0
46364467,74209076,1588205087825,3,8755.0,BTC-PERPETUAL,8762.0,sell,22530.0
46364468,74209097,1588205087844,3,8755.0,BTC-PERPETUAL,8762.0,sell,11710.0
46364469,74209100,1588205087956,3,8755.0,BTC-PERPETUAL,8762.0,sell,500.0
46364470,74209101,1588205087956,3,8755.0,BTC-PERPETUAL,8762.0,sell,10.0
46364471,74209102,1588205087956,3,8755.0,BTC-PERPETUAL,8762.0,sell,1800.0
46364472,74209103,1588205087956,3,8755.0,BTC-PERPETUAL,8762.0,sell,100.0
46364473,74209104,1588205087956,3,8755.0,BTC-PERPETUAL,8762.0,sell,500.0
46364474,74209105,1588205087956,3,8755.0,BTC-PERPETUAL,8762.0,sell,500.0
46364475,74209106,1588205087956,3,8755.0,BTC-PERPETUAL,8762.0,sell,1000.0
46364476,74209107,1588205087956,3,8755.0,BTC-PERPETUAL,8762.0,sell,310.0
46364477,74209108,1588205087956,3,8755.0,BTC-PERPETUAL,8762.0,sell,950.0
46364478,74209111,1588205087975,2,8754.5,BTC-PERPETUAL,8762.0,sell,50.0
46364479,74209112,1588205087975,3,8754.5,BTC-PERPETUAL,8762.0,sell,10.0
46364480,74209113,1588205087975,3,8754.5,BTC-PERPETUAL,8762.0,sell,200.0
46364481,74209114,1588205087975,3,8754.5,BTC-PERPETUAL,8762.0,sell,4740.0
46364482,74209117,1588205088032,3,8754.5,BTC-PERPETUAL,8762.0,sell,2500.0
46364483,74209125,1588205088084,3,8754.5,BTC-PERPETUAL,8762.0,sell,1500.0
46364484,74209126,1588205088094,3,8754.5,BTC-PERPETUAL,8762.0,sell,3000.0
46364485,74209127,1588205088120,3,8754.5,BTC-PERPETUAL,8762.0,sell,260.0
46364486,74209128,1588205088120,3,8754.5,BTC-PERPETUAL,8762.0,sell,70.0
46364487,74209129,1588205088120,3,8754.5,BTC-PERPETUAL,8762.0,sell,4670.0
46364488,74209130,1588205088150,3,8754.5,BTC-PERPETUAL,8762.0,sell,15000.0
46364489,74209133,1588205088171,3,8754.5,BTC-PERPETUAL,8762.0,sell,460.0
46364490,74209134,1588205088171,3,8754.5,BTC-PERPETUAL,8762.0,sell,250.0
46364491,74209135,1588205088171,3,8754.5,BTC-PERPETUAL,8762.0,sell,10.0
46364492,74209136,1588205088171,3,8754.5,BTC-PERPETUAL,8762.0,sell,10.0
46364493,74209137,1588205088171,2,8754.0,BTC-PERPETUAL,8762.0,sell,10.0
46364494,74209138,1588205088171,3,8754.0,BTC-PERPETUAL,8762.0,sell,100.0
46364495,74209139,1588205088171,3,8754.0,BTC-PERPETUAL,8762.0,sell,850.0
46364496,74209142,1588205088314,3,8754.0,BTC-PERPETUAL,8762.0,sell,1310.0
46364497,74209143,1588205088360,0,8754.5,BTC-PERPETUAL,8762.0,buy,20.0
46364498,74209144,1588205088364,2,8754.0,BTC-PERPETUAL,8762.0,sell,5000.0
46364499,74209145,1588205088388,3,8754.0,BTC-PERPETUAL,8762.0,sell,1800.0
46364500,74209146,1588205088388,3,8754.0,BTC-PERPETUAL,8762.0,sell,17510.0
46364501,74209147,1588205088388,2,8753.5,BTC-PERPETUAL,8762.0,sell,2500.0
46364502,74209148,1588205088388,2,8753.0,BTC-PERPETUAL,8762.0,sell,40.0
46364503,74209149,1588205088388,3,8753.0,BTC-PERPETUAL,8762.0,sell,10.0
46364504,74209150,1588205088388,3,8753.0,BTC-PERPETUAL,8762.0,sell,2500.0
46364505,74209151,1588205088388,3,8753.0,BTC-PERPETUAL,8762.0,sell,19640.0
46364506,74209152,1588205088491,2,8752.5,BTC-PERPETUAL,8762.0,sell,10.0
46364507,74209153,1588205088491,3,8752.5,BTC-PERPETUAL,8762.0,sell,10.0
46364508,74209154,1588205088491,2,8752.0,BTC-PERPETUAL,8762.0,sell,10.0
46364509,74209155,1588205088491,3,8752.0,BTC-PERPETUAL,8762.0,sell,10.0
46364510,74209156,1588205088491,3,8752.0,BTC-PERPETUAL,8762.0,sell,10.0
46364511,74209157,1588205088491,3,8752.0,BTC-PERPETUAL,8762.0,sell,100.0
46364512,74209158,1588205088491,2,8751.5,BTC-PERPETUAL,8762.0,sell,10.0
46364513,74209159,1588205088491,3,8751.5,BTC-PERPETUAL,8762.0,sell,4840.0
46364514,74209161,1588205088593,3,8751.5,BTC-PERPETUAL,8756.94,sell,1580.0
46364515,74209162,1588205088593,2,8751.0,BTC-PERPETUAL,8756.94,sell,3420.0
46364516,74209167,1588205088661,3,8751.0,BTC-PERPETUAL,8756.94,sell,3600.0
46364517,74209169,1588205088662,3,8751.0,BTC-PERPETUAL,8756.94,sell,3600.0
46364518,74209172,1588205088782,3,8751.0,BTC-PERPETUAL,8756.94,sell,220.0
46364519,74209173,1588205088782,2,8750.0,BTC-PERPETUAL,8756.94,sell,10.0
46364520,74209174,1588205088782,3,8750.0,BTC-PERPETUAL,8756.94,sell,290.0
46364521,74209175,1588205088782,3,8750.0,BTC-PERPETUAL,8756.94,sell,500.0
46364522,74209176,1588205088782,3,8750.0,BTC-PERPETUAL,8756.94,sell,20.0
46364523,74209177,1588205088782,3,8750.0,BTC-PERPETUAL,8756.94,sell,500.0
46364524,74209178,1588205088782,3,8750.0,BTC-PERPETUAL,8756.94,sell,40.0
46364525,74209179,1588205088782,3,8750.0,BTC-PERPETUAL,8756.94,sell,50.0
46364526,74209180,1588205088782,3,8750.0,BTC-PERPETUAL,8756.94,sell,1970.0
46364527,74209181,1588205088834,3,8750.0,BTC-PERPETUAL,8756.94,sell,1030.0
46364528,74209182,1588205088834,2,8749.5,BTC-PERPETUAL,8756.94,sell,220.0
46364529,74209185,1588205089112,0,8750.0,BTC-PERPETUAL,8756.94,buy,2000.0
46364530,74209186,1588205089112,1,8750.0,BTC-PERPETUAL,8756.94,buy,1000.0
46364531,74209187,1588205089114,2,8749.5,BTC-PERPETUAL,8756.94,sell,5070.0
46364532,74209190,1588205089117,3,8749.5,BTC-PERPETUAL,8756.94,sell,1000.0
46364533,74209192,1588205089129,3,8749.5,BTC-PERPETUAL,8756.94,sell,14210.0
46364534,74209193,1588205089129,3,8749.5,BTC-PERPETUAL,8756.94,sell,1000.0
46364535,74209194,1588205089129,3,8749.5,BTC-PERPETUAL,8756.94,sell,200.0
46364536,74209195,1588205089129,2,8749.0,BTC-PERPETUAL,8756.94,sell,10.0
46364537,74209196,1588205089129,3,8749.0,BTC-PERPETUAL,8756.94,sell,40.0
46364538,74209197,1588205089129,3,8749.0,BTC-PERPETUAL,8756.94,sell,40.0
46364539,74209198,1588205089181,3,8749.0,BTC-PERPETUAL,8756.94,sell,2960.0
46364540,74209199,1588205089181,3,8749.0,BTC-PERPETUAL,8756.94,sell,6000.0
46364541,74209200,1588205089258,2,8748.5,BTC-PERPETUAL,8756.94,sell,40.0
46364542,74209201,1588205089258,3,8748.5,BTC-PERPETUAL,8756.94,sell,40.0
46364543,74209203,1588205089287,3,8748.5,BTC-PERPETUAL,8756.94,sell,2000.0
46364544,74209204,1588205089287,3,8748.5,BTC-PERPETUAL,8756.94,sell,1000.0
46364545,74209205,1588205089287,2,8748.0,BTC-PERPETUAL,8756.94,sell,160.0
46364546,74209206,1588205089287,3,8748.0,BTC-PERPETUAL,8756.94,sell,2500.0
46364547,74209207,1588205089287,2,8747.5,BTC-PERPETUAL,8756.94,sell,50.0
46364548,74209208,1588205089287,3,8747.5,BTC-PERPETUAL,8756.94,sell,50.0
46364549,74209209,1588205089287,3,8747.5,BTC-PERPETUAL,8756.94,sell,14000.0
46364550,74209210,1588205089287,3,8747.5,BTC-PERPETUAL,8756.94,sell,3000.0
46364551,74209212,1588205089400,0,8748.0,BTC-PERPETUAL,8756.94,sell,1000.0
46364552,74209213,1588205089400,2,8747.5,BTC-PERPETUAL,8756.94,sell,3000.0
46364553,74209214,1588205089400,2,8747.0,BTC-PERPETUAL,8756.94,sell,10.0
46364554,74209215,1588205089400,3,8747.0,BTC-PERPETUAL,8756.94,sell,100.0
46364555,74209216,1588205089400,3,8747.0,BTC-PERPETUAL,8756.94,sell,10.0
46364556,74209217,1588205089400,3,8747.0,BTC-PERPETUAL,8756.94,sell,2000.0
46364557,74209218,1588205089400,2,8746.5,BTC-PERPETUAL,8756.94,sell,10.0
46364558,74209219,1588205089400,3,8746.5,BTC-PERPETUAL,8756.94,sell,100.0
46364559,74209220,1588205089400,2,8746.0,BTC-PERPETUAL,8756.94,sell,40.0
46364560,74209221,1588205089400,3,8746.0,BTC-PERPETUAL,8756.94,sell,100.0
46364561,74209222,1588205089400,3,8746.0,BTC-PERPETUAL,8756.94,sell,250.0
46364562,74209223,1588205089400,3,8746.0,BTC-PERPETUAL,8756.94,sell,3380.0
46364563,74209224,1588205089517,0,8748.0,BTC-PERPETUAL,8754.99,sell,200.0
46364564,74209227,1588205089790,0,8748.5,BTC-PERPETUAL,8754.99,buy,110.0
46364565,74209228,1588205089964,2,8748.0,BTC-PERPETUAL,8754.99,sell,100.0
46364566,74209229,1588205089964,3,8748.0,BTC-PERPETUAL,8754.99,sell,50.0
46364567,74209230,1588205089964,2,8747.0,BTC-PERPETUAL,8754.99,sell,2500.0
46364568,74209231,1588205089964,2,8746.0,BTC-PERPETUAL,8754.99,sell,1350.0
46364569,74209232,1588205090026,0,8746.5,BTC-PERPETUAL,8754.99,buy,160.0
46364570,74209233,1588205090184,1,8746.5,BTC-PERPETUAL,8754.99,buy,200.0
46364571,74209234,1588205090184,1,8746.5,BTC-PERPETUAL,8754.99,buy,1000.0
46364572,74209235,1588205090184,1,8746.5,BTC-PERPETUAL,8754.99,buy,350.0
46364573,74209236,1588205090184,0,8747.0,BTC-PERPETUAL,8754.99,buy,5000.0
46364574,74209237,1588205090184,1,8747.0,BTC-PERPETUAL,8754.99,buy,5000.0
46364575,74209239,1588205092032,0,8748.5,BTC-PERPETUAL,8752.8,buy,17500.0
46364576,74209240,1588205092032,1,8748.5,BTC-PERPETUAL,8752.8,buy,170.0
46364577,74209241,1588205092032,1,8748.5,BTC-PERPETUAL,8752.8,buy,1740.0
46364578,74209244,1588205092035,1,8748.5,BTC-PERPETUAL,8752.8,buy,10.0
46364579,74209245,1588205092041,0,8749.5,BTC-PERPETUAL,8752.8,buy,250.0
46364580,74209246,1588205092041,1,8749.5,BTC-PERPETUAL,8752.8,buy,1320.0
46364581,74209247,1588205092041,1,8749.5,BTC-PERPETUAL,8752.8,buy,2500.0
46364582,74209248,1588205092041,1,8749.5,BTC-PERPETUAL,8752.8,buy,2500.0
46364583,74209251,1588205092051,0,8750.0,BTC-PERPETUAL,8752.8,buy,200.0
46364584,74209252,1588205092051,1,8750.0,BTC-PERPETUAL,8752.8,buy,250.0
46364585,74209253,1588205092051,1,8750.0,BTC-PERPETUAL,8752.8,buy,1800.0
46364586,74209257,1588205092107,0,8750.5,BTC-PERPETUAL,8752.8,buy,3000.0
46364587,74209258,1588205092107,1,8750.5,BTC-PERPETUAL,8752.8,buy,1800.0
46364588,74209259,1588205092112,1,8750.5,BTC-PERPETUAL,8752.8,buy,250.0
46364589,74209263,1588205092125,0,8751.0,BTC-PERPETUAL,8752.8,buy,250.0
46364590,74209264,1588205092125,1,8751.0,BTC-PERPETUAL,8752.8,buy,250.0
46364591,74209265,1588205092125,1,8751.0,BTC-PERPETUAL,8752.8,buy,15120.0
46364592,74209266,1588205092125,1,8751.0,BTC-PERPETUAL,8752.8,buy,4370.0
46364593,74209267,1588205092125,1,8751.0,BTC-PERPETUAL,8752.8,buy,1160.0
46364594,74209271,1588205092129,1,8751.0,BTC-PERPETUAL,8752.8,buy,640.0
46364595,74209272,1588205092129,0,8751.5,BTC-PERPETUAL,8752.8,buy,250.0
46364596,74209273,1588205092129,1,8751.5,BTC-PERPETUAL,8752.8,buy,250.0
46364597,74209277,1588205092140,0,8752.0,BTC-PERPETUAL,8752.8,buy,250.0
46364598,74209278,1588205092140,1,8752.0,BTC-PERPETUAL,8752.8,buy,1000.0
46364599,74209279,1588205092140,1,8752.0,BTC-PERPETUAL,8752.8,buy,1000.0
46364600,74209280,1588205092140,1,8752.0,BTC-PERPETUAL,8752.8,buy,4990.0
46364601,74209281,1588205092151,2,8751.5,BTC-PERPETUAL,8752.8,sell,3000.0
46364602,74209283,1588205092181,3,8751.5,BTC-PERPETUAL,8752.8,sell,3000.0
46364603,74209284,1588205092195,0,8752.0,BTC-PERPETUAL,8752.8,buy,10.0
46364604,74209285,1588205092195,1,8752.0,BTC-PERPETUAL,8752.8,buy,2100.0
46364605,74209290,1588205093454,2,8751.5,BTC-PERPETUAL,8752.47,sell,70.0
46364606,74209291,1588205100708,3,8751.5,BTC-PERPETUAL,8749.77,sell,3600.0
46364607,74209292,1588205100708,3,8751.5,BTC-PERPETUAL,8749.77,sell,160.0
46364608,74209293,1588205100708,3,8751.5,BTC-PERPETUAL,8749.77,sell,1240.0
46364609,74209299,1588205107391,0,8752.0,BTC-PERPETUAL,8750.31,buy,900.0
46364610,74209300,1588205107391,1,8752.0,BTC-PERPETUAL,8750.31,buy,1000.0
46364611,74209301,1588205107391,1,8752.0,BTC-PERPETUAL,8750.31,buy,20.0
46364612,74209302,1588205107391,1,8752.0,BTC-PERPETUAL,8750.31,buy,100.0
46364613,74209303,1588205107391,1,8752.0,BTC-PERPETUAL,8750.31,buy,250.0
46364614,74209304,1588205107945,1,8752.0,BTC-PERPETUAL,8750.75,sell,2360.0
46364615,74209305,1588205107945,1,8752.0,BTC-PERPETUAL,8750.75,sell,250.0
46364616,74209306,1588205107945,1,8752.0,BTC-PERPETUAL,8750.75,sell,250.0
46364617,74209307,1588205107951,2,8751.5,BTC-PERPETUAL,8750.75,sell,10.0
46364618,74209308,1588205107951,3,8751.5,BTC-PERPETUAL,8750.75,sell,10.0
46364619,74209309,1588205107951,3,8751.5,BTC-PERPETUAL,8750.75,sell,50.0
46364620,74209310,1588205107951,3,8751.5,BTC-PERPETUAL,8750.75,sell,3430.0
46364621,74209311,1588205107956,3,8751.5,BTC-PERPETUAL,8750.75,sell,2350.0
46364622,74209312,1588205107958,3,8751.5,BTC-PERPETUAL,8750.75,sell,330.0
46364623,74209313,1588205107960,3,8751.5,BTC-PERPETUAL,8750.75,sell,3150.0
46364624,74209314,1588205107960,3,8751.5,BTC-PERPETUAL,8750.75,sell,8240.0
46364625,74209315,1588205107960,3,8751.5,BTC-PERPETUAL,8750.75,sell,50.0
46364626,74209316,1588205107960,3,8751.5,BTC-PERPETUAL,8750.75,sell,550.0
46364627,74209317,1588205107960,3,8751.5,BTC-PERPETUAL,8750.75,sell,20.0
46364628,74209318,1588205107960,3,8751.5,BTC-PERPETUAL,8750.75,sell,1740.0
46364629,74209319,1588205107960,3,8751.5,BTC-PERPETUAL,8750.75,sell,4370.0
46364630,74209320,1588205107960,3,8751.5,BTC-PERPETUAL,8750.75,sell,8750.0
46364631,74209321,1588205107960,3,8751.5,BTC-PERPETUAL,8750.75,sell,10.0
46364632,74209322,1588205107964,2,8751.0,BTC-PERPETUAL,8750.75,sell,800.0
46364633,74209323,1588205107964,3,8751.0,BTC-PERPETUAL,8750.75,sell,1000.0
46364634,74209324,1588205107964,3,8751.0,BTC-PERPETUAL,8750.75,sell,1000.0
46364635,74209325,1588205108493,2,8749.5,BTC-PERPETUAL,8750.75,sell,250.0
46364636,74209326,1588205108493,2,8748.0,BTC-PERPETUAL,8750.75,sell,100.0
46364637,74209327,1588205108493,2,8746.5,BTC-PERPETUAL,8750.75,sell,1320.0
46364638,74209328,1588205108493,2,8746.0,BTC-PERPETUAL,8750.75,sell,110.0
46364639,74209329,1588205108493,3,8746.0,BTC-PERPETUAL,8750.75,sell,2090.0
46364640,74209330,1588205108493,2,8745.5,BTC-PERPETUAL,8750.75,sell,130.0
46364641,74209332,1588205108547,3,8745.5,BTC-PERPETUAL,8748.67,sell,4000.0
46364642,74209335,1588205109559,0,8748.5,BTC-PERPETUAL,8748.23,sell,240.0
46364643,74209337,1588205118668,2,8746.5,BTC-PERPETUAL,8745.17,sell,50.0
46364644,74209338,1588205118668,3,8746.5,BTC-PERPETUAL,8745.17,sell,100.0
46364645,74209339,1588205118668,3,8746.5,BTC-PERPETUAL,8745.17,sell,200.0
46364646,74209340,1588205118668,3,8746.5,BTC-PERPETUAL,8745.17,sell,10.0
46364647,74209341,1588205118668,3,8746.5,BTC-PERPETUAL,8745.17,sell,50.0
46364648,74209342,1588205118668,3,8746.5,BTC-PERPETUAL,8745.17,sell,100.0
46364649,74209343,1588205118668,3,8746.5,BTC-PERPETUAL,8745.17,sell,10.0
46364650,74209344,1588205118668,3,8746.5,BTC-PERPETUAL,8745.17,sell,530.0
46364651,74209345,1588205118668,3,8746.5,BTC-PERPETUAL,8745.17,sell,20.0
46364652,74209346,1588205118668,3,8746.5,BTC-PERPETUAL,8745.17,sell,20.0
46364653,74209347,1588205118668,3,8746.5,BTC-PERPETUAL,8745.17,sell,20.0
46364654,74209348,1588205118668,3,8746.5,BTC-PERPETUAL,8745.17,sell,5000.0
46364655,74209349,1588205118668,3,8746.5,BTC-PERPETUAL,8745.17,sell,23890.0
46364656,74209350,1588205122385,2,8746.0,BTC-PERPETUAL,8744.82,sell,17490.0
46364657,74209351,1588205122385,3,8746.0,BTC-PERPETUAL,8744.82,sell,450.0
46364658,74209352,1588205122385,3,8746.0,BTC-PERPETUAL,8744.82,sell,140.0
46364659,74209353,1588205122385,3,8746.0,BTC-PERPETUAL,8744.82,sell,50.0
46364660,74209354,1588205122385,2,8745.0,BTC-PERPETUAL,8744.82,sell,500.0
46364661,74209355,1588205122385,3,8745.0,BTC-PERPETUAL,8744.82,sell,40.0
46364662,74209356,1588205122385,3,8745.0,BTC-PERPETUAL,8744.82,sell,10.0
46364663,74209357,1588205122385,3,8745.0,BTC-PERPETUAL,8744.82,sell,100.0
46364664,74209358,1588205122385,3,8745.0,BTC-PERPETUAL,8744.82,sell,500.0
46364665,74209359,1588205122385,2,8744.0,BTC-PERPETUAL,8744.82,sell,40.0
46364666,74209360,1588205122385,3,8744.0,BTC-PERPETUAL,8744.82,sell,10.0
46364667,74209361,1588205122385,2,8743.5,BTC-PERPETUAL,8744.82,sell,1990.0
46364668,74209362,1588205122385,3,8743.5,BTC-PERPETUAL,8744.82,sell,40.0
46364669,74209363,1588205122385,2,8743.0,BTC-PERPETUAL,8744.82,sell,4380.0
46364670,74209364,1588205122385,3,8743.0,BTC-PERPETUAL,8744.82,sell,40.0
46364671,74209365,1588205122385,3,8743.0,BTC-PERPETUAL,8744.82,sell,10.0
46364672,74209366,1588205122385,3,8743.0,BTC-PERPETUAL,8744.82,sell,250.0
46364673,74209367,1588205122385,3,8743.0,BTC-PERPETUAL,8744.82,sell,10.0
46364674,74209368,1588205122385,2,8742.5,BTC-PERPETUAL,8744.82,sell,210.0
46364675,74209369,1588205122385,3,8742.5,BTC-PERPETUAL,8744.82,sell,100.0
46364676,74209370,1588205122385,3,8742.5,BTC-PERPETUAL,8744.82,sell,3500.0
46364677,74209371,1588205122385,3,8742.5,BTC-PERPETUAL,8744.82,sell,140.0
46364678,74209377,1588205123168,3,8742.5,BTC-PERPETUAL,8744.09,sell,60.0
46364679,74209378,1588205123184,2,8742.0,BTC-PERPETUAL,8744.09,sell,220.0
46364680,74209379,1588205123184,3,8742.0,BTC-PERPETUAL,8744.09,sell,220.0
46364681,74209380,1588205123184,3,8742.0,BTC-PERPETUAL,8744.09,sell,90.0
46364682,74209381,1588205123184,3,8742.0,BTC-PERPETUAL,8744.09,sell,10.0
46364683,74209382,1588205123184,3,8742.0,BTC-PERPETUAL,8744.09,sell,13470.0
46364684,74209383,1588205123186,3,8742.0,BTC-PERPETUAL,8744.09,sell,5310.0
46364685,74209384,1588205123186,3,8742.0,BTC-PERPETUAL,8744.09,sell,40.0
46364686,74209385,1588205123186,3,8742.0,BTC-PERPETUAL,8744.09,sell,100.0
46364687,74209386,1588205123186,3,8742.0,BTC-PERPETUAL,8744.09,sell,60.0
46364688,74209388,1588205123594,2,8741.5,BTC-PERPETUAL,8744.09,sell,160.0
46364689,74209389,1588205123594,3,8741.5,BTC-PERPETUAL,8744.09,sell,10.0
46364690,74209390,1588205123594,3,8741.5,BTC-PERPETUAL,8744.09,sell,260.0
46364691,74209391,1588205123712,2,8741.0,BTC-PERPETUAL,8742.68,sell,100.0
46364692,74209392,1588205123712,3,8741.0,BTC-PERPETUAL,8742.68,sell,1300.0
46364693,74209393,1588205123712,3,8741.0,BTC-PERPETUAL,8742.68,sell,60.0
46364694,74209394,1588205123721,2,8740.5,BTC-PERPETUAL,8742.68,sell,80.0
46364695,74209396,1588205123847,2,8740.0,BTC-PERPETUAL,8742.68,sell,10.0
46364696,74209397,1588205123847,3,8740.0,BTC-PERPETUAL,8742.68,sell,300.0
46364697,74209398,1588205123847,3,8740.0,BTC-PERPETUAL,8742.68,sell,500.0
46364698,74209399,1588205123847,3,8740.0,BTC-PERPETUAL,8742.68,sell,10.0
46364699,74209400,1588205123847,3,8740.0,BTC-PERPETUAL,8742.68,sell,50.0
46364700,74209401,1588205123847,3,8740.0,BTC-PERPETUAL,8742.68,sell,3160.0
46364701,74209402,1588205123847,3,8740.0,BTC-PERPETUAL,8742.68,sell,100.0
46364702,74209403,1588205123847,3,8740.0,BTC-PERPETUAL,8742.68,sell,500.0
46364703,74209404,1588205123847,3,8740.0,BTC-PERPETUAL,8742.68,sell,60.0
46364704,74209405,1588205123847,2,8739.5,BTC-PERPETUAL,8742.68,sell,190.0
46364705,74209406,1588205123847,2,8739.0,BTC-PERPETUAL,8742.68,sell,10.0
46364706,74209407,1588205123847,3,8739.0,BTC-PERPETUAL,8742.68,sell,100.0
46364707,74209408,1588205123847,2,8738.5,BTC-PERPETUAL,8742.68,sell,40.0
46364708,74209409,1588205123847,3,8738.5,BTC-PERPETUAL,8742.68,sell,730.0
46364709,74209410,1588205123847,2,8738.0,BTC-PERPETUAL,8742.68,sell,10.0
46364710,74209411,1588205123847,2,8737.5,BTC-PERPETUAL,8742.68,sell,10.0
46364711,74209412,1588205123847,2,8737.0,BTC-PERPETUAL,8742.68,sell,10.0
46364712,74209413,1588205123847,3,8737.0,BTC-PERPETUAL,8742.68,sell,10.0
46364713,74209414,1588205123847,2,8736.5,BTC-PERPETUAL,8742.68,sell,10.0
46364714,74209415,1588205123847,2,8736.0,BTC-PERPETUAL,8742.68,sell,2000.0
46364715,74209416,1588205123847,3,8736.0,BTC-PERPETUAL,8742.68,sell,40.0
46364716,74209417,1588205123847,3,8736.0,BTC-PERPETUAL,8742.68,sell,150.0
46364717,74209418,1588205123847,3,8736.0,BTC-PERPETUAL,8742.68,sell,1800.0
46364718,74209419,1588205123847,3,8736.0,BTC-PERPETUAL,8742.68,sell,200.0
46364719,74209424,1588205123904,2,8735.5,BTC-PERPETUAL,8742.68,sell,650.0
46364720,74209425,1588205123904,3,8735.5,BTC-PERPETUAL,8742.68,sell,200.0
46364721,74209426,1588205123904,3,8735.5,BTC-PERPETUAL,8742.68,sell,400.0
46364722,74209428,1588205124263,0,8736.0,BTC-PERPETUAL,8742.68,buy,10.0
46364723,74209429,1588205124634,1,8736.0,BTC-PERPETUAL,8742.68,buy,20.0
46364724,74209430,1588205124773,0,8737.5,BTC-PERPETUAL,8741.26,sell,10.0
46364725,74209431,1588205124773,1,8737.5,BTC-PERPETUAL,8741.26,sell,60.0
46364726,74209432,1588205124997,0,8738.0,BTC-PERPETUAL,8741.26,buy,10.0
46364727,74209433,1588205126423,1,8738.0,BTC-PERPETUAL,8740.93,buy,19290.0
46364728,74209434,1588205126423,1,8738.0,BTC-PERPETUAL,8740.93,buy,1660.0
46364729,74209435,1588205126423,1,8738.0,BTC-PERPETUAL,8740.93,buy,1300.0
46364730,74209441,1588205127017,0,8741.0,BTC-PERPETUAL,8741.36,buy,1320.0
46364731,74209442,1588205127017,0,8741.5,BTC-PERPETUAL,8741.36,buy,4370.0
46364732,74209447,1588205127029,0,8742.0,BTC-PERPETUAL,8741.36,buy,120.0
46364733,74209448,1588205127030,0,8743.0,BTC-PERPETUAL,8741.36,buy,1000.0
46364734,74209449,1588205127030,1,8743.0,BTC-PERPETUAL,8741.36,buy,570.0
46364735,74209450,1588205127036,0,8743.5,BTC-PERPETUAL,8741.36,buy,1000.0
46364736,74209451,1588205127036,1,8743.5,BTC-PERPETUAL,8741.36,buy,10500.0
46364737,74209452,1588205127482,0,8744.5,BTC-PERPETUAL,8741.36,buy,250.0
46364738,74209453,1588205127486,0,8745.0,BTC-PERPETUAL,8741.36,buy,250.0
