trade_seq,trade_id,timestamp,tick_direction,price,instrument_name,index_price,direction,amount,liquidation
11667744,ETH-14945798,1586131208355,0,142.85,ETH-PERPETUAL,142.83,buy,3.0,
11667745,ETH-14945799,1586131208355,1,142.85,ETH-PERPETUAL,142.83,buy,142.0,
11667746,ETH-14945800,1586131208355,1,142.85,ETH-PERPETUAL,142.83,buy,140.0,
11667747,ETH-14945801,1586131208355,1,142.85,ETH-PERPETUAL,142.83,buy,5.0,
11667748,ETH-14945802,1586131216615,0,142.9,ETH-PERPETUAL,142.88,buy,800.0,
11667749,ETH-14945803,1586131216615,1,142.9,ETH-PERPETUAL,142.88,buy,1910.0,
11667750,ETH-14945805,1586131221627,2,142.85,ETH-PERPETUAL,142.88,sell,100.0,
11667751,ETH-14945806,1586131221627,3,142.85,ETH-PERPETUAL,142.88,sell,1600.0,
11667752,ETH-14945807,1586131221627,3,142.85,ETH-PERPETUAL,142.88,sell,100.0,
11667753,ETH-14945808,1586131221627,3,142.85,ETH-PERPETUAL,142.88,sell,90.0,
11667754,ETH-14945809,1586131221627,3,142.85,ETH-PERPETUAL,142.88,sell,20.0,
11667755,ETH-14945810,1586131230805,2,142.75,ETH-PERPETUAL,142.79,sell,1.0,
11667756,ETH-14945811,1586131230805,3,142.75,ETH-PERPETUAL,142.79,sell,1.0,
11667757,ETH-14945812,1586131230805,3,142.75,ETH-PERPETUAL,142.79,sell,2.0,
11667758,ETH-14945813,1586131230805,3,142.75,ETH-PERPETUAL,142.79,sell,20.0,
11667759,ETH-14945814,1586131230805,3,142.75,ETH-PERPETUAL,142.79,sell,1600.0,
11667760,ETH-14945815,1586131230805,3,142.75,ETH-PERPETUAL,142.79,sell,2800.0,
11667761,ETH-14945816,1586131230805,2,142.7,ETH-PERPETUAL,142.79,sell,1.0,
11667762,ETH-14945817,1586131230805,3,142.7,ETH-PERPETUAL,142.79,sell,1.0,
11667763,ETH-14945818,1586131230805,3,142.7,ETH-PERPETUAL,142.79,sell,164.0,
11667764,ETH-14945819,1586131230805,3,142.7,ETH-PERPETUAL,142.79,sell,136.0,
11667765,ETH-14945820,1586131230805,2,142.65,ETH-PERPETUAL,142.79,sell,994.0,
11667766,ETH-14945821,1586131231056,0,142.75,ETH-PERPETUAL,142.79,buy,100.0,
11667767,ETH-14945823,1586131232330,1,142.75,ETH-PERPETUAL,142.79,sell,350.0,
11667768,ETH-14945825,1586131234196,0,142.8,ETH-PERPETUAL,142.81,buy,5291.0,
11667769,ETH-14945826,1586131234196,1,142.8,ETH-PERPETUAL,142.81,buy,3.0,
11667770,ETH-14945827,1586131234196,1,142.8,ETH-PERPETUAL,142.81,buy,137.0,
11667771,ETH-14945828,1586131234196,1,142.8,ETH-PERPETUAL,142.81,buy,3.0,
11667772,ETH-14945829,1586131239829,0,142.85,ETH-PERPETUAL,142.85,buy,157.0,
11667773,ETH-14945830,1586131239829,1,142.85,ETH-PERPETUAL,142.85,buy,2.0,
11667774,ETH-14945831,1586131239829,1,142.85,ETH-PERPETUAL,142.85,buy,1.0,
11667775,ETH-14945832,1586131239829,1,142.85,ETH-PERPETUAL,142.85,buy,4.0,
11667776,ETH-14945833,1586131250934,0,142.9,ETH-PERPETUAL,142.91,buy,1.0,
11667777,ETH-14945834,1586131250934,1,142.9,ETH-PERPETUAL,142.91,buy,1.0,
11667778,ETH-14945835,1586131259038,1,142.9,ETH-PERPETUAL,142.91,buy,1.0,
11667779,ETH-14945836,1586131259365,0,142.95,ETH-PERPETUAL,142.92,buy,1.0,
11667780,ETH-14945837,1586131259365,1,142.95,ETH-PERPETUAL,142.92,buy,1.0,
11667781,ETH-14945838,1586131271914,0,143.0,ETH-PERPETUAL,143.0,buy,1800.0,
11667782,ETH-14945839,1586131271914,1,143.0,ETH-PERPETUAL,143.0,buy,1.0,
11667783,ETH-14945840,1586131271914,1,143.0,ETH-PERPETUAL,143.0,buy,106.0,
11667784,ETH-14945841,1586131279336,1,143.0,ETH-PERPETUAL,143.01,buy,1.0,
11667785,ETH-14945842,1586131304281,0,143.05,ETH-PERPETUAL,143.06,buy,1.0,
11667786,ETH-14945843,1586131304281,1,143.05,ETH-PERPETUAL,143.06,buy,40.0,
11667787,ETH-14945844,1586131304281,1,143.05,ETH-PERPETUAL,143.06,buy,1.0,
11667788,ETH-14945845,1586131309588,1,143.05,ETH-PERPETUAL,143.03,sell,30.0,
11667789,ETH-14945847,1586131324202,2,143.0,ETH-PERPETUAL,143.0,sell,2.0,
11667790,ETH-14945848,1586131324202,3,143.0,ETH-PERPETUAL,143.0,sell,3.0,
11667791,ETH-14945849,1586131325332,2,142.95,ETH-PERPETUAL,142.98,sell,10.0,
11667792,ETH-14945850,1586131325332,3,142.95,ETH-PERPETUAL,142.98,sell,40.0,
11667793,ETH-14945851,1586131325647,2,142.9,ETH-PERPETUAL,142.98,sell,2159.0,
11667794,ETH-14945852,1586131336124,2,142.85,ETH-PERPETUAL,142.9,sell,4.0,
11667795,ETH-14945853,1586131336124,3,142.85,ETH-PERPETUAL,142.9,sell,6.0,
11667796,ETH-14945854,1586131336124,3,142.85,ETH-PERPETUAL,142.9,sell,170.0,
11667797,ETH-14945855,1586131352864,3,142.85,ETH-PERPETUAL,142.89,sell,117.0,
11667798,ETH-14945856,1586131392265,3,142.85,ETH-PERPETUAL,142.88,buy,1.0,
11667799,ETH-14945857,1586131392265,3,142.85,ETH-PERPETUAL,142.88,buy,54.0,
11667800,ETH-14945858,1586131490996,0,142.9,ETH-PERPETUAL,142.93,buy,50.0,
11667801,ETH-14945859,1586131520331,0,142.95,ETH-PERPETUAL,142.96,sell,20.0,
11667802,ETH-14945863,1586131554208,0,143.0,ETH-PERPETUAL,143.0,buy,10.0,
11667803,ETH-14945864,1586131578692,0,143.05,ETH-PERPETUAL,143.05,buy,10.0,
11667804,ETH-14945865,1586131578692,1,143.05,ETH-PERPETUAL,143.05,buy,79.0,
11667805,ETH-14945866,1586131578983,0,143.1,ETH-PERPETUAL,143.05,buy,1.0,
11667806,ETH-14945867,1586131578983,1,143.1,ETH-PERPETUAL,143.05,buy,1.0,
11667807,ETH-14945868,1586131578983,1,143.1,ETH-PERPETUAL,143.05,buy,126.0,
11667808,ETH-14945872,1586131579280,0,143.15,ETH-PERPETUAL,143.05,buy,1.0,
11667809,ETH-14945873,1586131589060,0,143.2,ETH-PERPETUAL,143.19,buy,1.0,
11667810,ETH-14945874,1586131589060,1,143.2,ETH-PERPETUAL,143.19,buy,1755.0,
11667811,ETH-14945875,1586131589060,1,143.2,ETH-PERPETUAL,143.19,buy,20.0,
11667812,ETH-14945876,1586131589060,1,143.2,ETH-PERPETUAL,143.19,buy,13.0,
11667813,ETH-14945877,1586131589478,0,143.25,ETH-PERPETUAL,143.19,buy,1.0,
11667814,ETH-14945878,1586131592136,1,143.25,ETH-PERPETUAL,143.22,buy,315.0,
11667815,ETH-14945879,1586131592138,1,143.25,ETH-PERPETUAL,143.22,buy,1440.0,
11667816,ETH-14945880,1586131592138,1,143.25,ETH-PERPETUAL,143.22,buy,85.0,
11667817,ETH-14945884,1586131596687,0,143.3,ETH-PERPETUAL,143.27,buy,1.0,
11667818,ETH-14945885,1586131596687,1,143.3,ETH-PERPETUAL,143.27,buy,1.0,
11667819,ETH-14945886,1586131596687,1,143.3,ETH-PERPETUAL,143.27,buy,1.0,
11667820,ETH-14945888,1586131600012,0,143.35,ETH-PERPETUAL,143.31,buy,1.0,
11667821,ETH-14945889,1586131600012,1,143.35,ETH-PERPETUAL,143.31,buy,1.0,
11667822,ETH-14945890,1586131600012,1,143.35,ETH-PERPETUAL,143.31,buy,1.0,
11667823,ETH-14945891,1586131600012,0,143.4,ETH-PERPETUAL,143.31,buy,2997.0,
11667824,ETH-14945892,1586131602238,1,143.4,ETH-PERPETUAL,143.32,buy,1.0,
11667825,ETH-14945893,1586131602238,1,143.4,ETH-PERPETUAL,143.32,buy,1.0,
11667826,ETH-14945894,1586131602238,1,143.4,ETH-PERPETUAL,143.32,buy,604.0,
11667827,ETH-14945895,1586131608706,2,143.35,ETH-PERPETUAL,143.32,sell,11.0,
11667828,ETH-14945896,1586131608706,3,143.35,ETH-PERPETUAL,143.32,sell,61.0,
11667829,ETH-14945897,1586131608706,3,143.35,ETH-PERPETUAL,143.32,sell,6.0,
11667830,ETH-14945898,1586131608706,3,143.35,ETH-PERPETUAL,143.32,sell,131.0,
11667831,ETH-14945899,1586131608706,3,143.35,ETH-PERPETUAL,143.32,sell,300.0,
11667832,ETH-14945900,1586131610926,2,143.25,ETH-PERPETUAL,143.3,sell,25.0,
11667833,ETH-14945901,1586131617174,3,143.25,ETH-PERPETUAL,143.3,sell,25.0,
11667834,ETH-14945902,1586131619850,0,143.35,ETH-PERPETUAL,143.3,buy,3000.0,
11667835,ETH-14945904,1586131634806,2,143.3,ETH-PERPETUAL,143.33,buy,509.0,
11667836,ETH-14945905,1586131635730,2,143.25,ETH-PERPETUAL,143.33,sell,25.0,
11667837,ETH-14945906,1586131642206,0,143.3,ETH-PERPETUAL,143.35,buy,20.0,
11667838,ETH-14945909,1586131642512,0,143.35,ETH-PERPETUAL,143.35,buy,126.0,
11667839,ETH-14945910,1586131643065,0,143.4,ETH-PERPETUAL,143.37,buy,1.0,
11667840,ETH-14945911,1586131643660,0,143.45,ETH-PERPETUAL,143.37,buy,1.0,
11667841,ETH-14945912,1586131643660,1,143.45,ETH-PERPETUAL,143.37,buy,1.0,
11667842,ETH-14945913,1586131643660,1,143.45,ETH-PERPETUAL,143.37,buy,200.0,
11667843,ETH-14945914,1586131651378,1,143.45,ETH-PERPETUAL,143.44,sell,25.0,
11667844,ETH-14945915,1586131659156,1,143.45,ETH-PERPETUAL,143.47,sell,115.0,
11667845,ETH-14945916,1586131659156,1,143.45,ETH-PERPETUAL,143.47,sell,22.0,
11667846,ETH-14945917,1586131659156,1,143.45,ETH-PERPETUAL,143.47,sell,131.0,
11667847,ETH-14945918,1586131670572,2,143.4,ETH-PERPETUAL,143.44,buy,25.0,
11667848,ETH-14945919,1586131683258,3,143.4,ETH-PERPETUAL,143.47,sell,18.0,
11667849,ETH-14945920,1586131683258,3,143.4,ETH-PERPETUAL,143.47,sell,7.0,
11667850,ETH-14945921,1586131702139,3,143.4,ETH-PERPETUAL,143.46,sell,17.0,
11667851,ETH-14945926,1586131702739,2,143.35,ETH-PERPETUAL,143.45,sell,300.0,
11667852,ETH-14945927,1586131702739,3,143.35,ETH-PERPETUAL,143.45,sell,90.0,
11667853,ETH-14945929,1586131703712,2,143.3,ETH-PERPETUAL,143.4,sell,2.0,
11667854,ETH-14945932,1586131715180,0,143.35,ETH-PERPETUAL,143.39,sell,100.0,
11667855,ETH-14945933,1586131715180,1,143.35,ETH-PERPETUAL,143.39,sell,3137.0,
11667856,ETH-14945934,1586131717239,1,143.35,ETH-PERPETUAL,143.4,sell,3.0,
11667857,ETH-14945935,1586131717239,1,143.35,ETH-PERPETUAL,143.4,sell,1.0,
11667858,ETH-14945936,1586131737413,2,143.3,ETH-PERPETUAL,143.39,sell,25.0,
11667859,ETH-14945937,1586131743049,3,143.3,ETH-PERPETUAL,143.37,sell,8.0,
11667860,ETH-14945938,1586131750746,2,143.25,ETH-PERPETUAL,143.3,sell,1.0,
11667861,ETH-14945939,1586131750746,3,143.25,ETH-PERPETUAL,143.3,sell,4.0,
11667862,ETH-14945940,1586131778596,2,143.2,ETH-PERPETUAL,143.22,sell,1.0,
11667863,ETH-14945941,1586131778596,3,143.2,ETH-PERPETUAL,143.22,sell,4.0,
11667864,ETH-14945942,1586131778596,3,143.2,ETH-PERPETUAL,143.22,sell,20.0,
11667865,ETH-14945943,1586131781166,0,143.25,ETH-PERPETUAL,143.22,buy,19.0,
11667866,ETH-14945944,1586131795744,2,143.2,ETH-PERPETUAL,143.25,sell,30.0,
11667867,ETH-14945945,1586131795744,3,143.2,ETH-PERPETUAL,143.25,sell,20.0,
11667868,ETH-14945946,1586131795744,3,143.2,ETH-PERPETUAL,143.25,sell,7.0,
11667869,ETH-14945947,1586131802855,2,143.15,ETH-PERPETUAL,143.22,sell,1.0,
11667870,ETH-14945948,1586131802855,3,143.15,ETH-PERPETUAL,143.22,sell,49.0,
11667871,ETH-14945949,1586131858215,3,143.15,ETH-PERPETUAL,143.2,sell,19.0,
11667872,ETH-14945950,1586131858215,3,143.15,ETH-PERPETUAL,143.2,sell,3533.0,
11667873,ETH-14945951,1586131879825,3,143.15,ETH-PERPETUAL,143.2,sell,10.0,
11667874,ETH-14945952,1586131879825,3,143.15,ETH-PERPETUAL,143.2,sell,3.0,
11667875,ETH-14945953,1586131879825,3,143.15,ETH-PERPETUAL,143.2,sell,1.0,
11667876,ETH-14945958,1586131907832,3,143.15,ETH-PERPETUAL,143.13,buy,80.0,
11667877,ETH-14945959,1586131907949,3,143.15,ETH-PERPETUAL,143.13,buy,2.0,
11667878,ETH-14945960,1586131907949,3,143.15,ETH-PERPETUAL,143.13,buy,1.0,
11667879,ETH-14945961,1586131907949,3,143.15,ETH-PERPETUAL,143.13,buy,1.0,
11667880,ETH-14945962,1586131907949,3,143.15,ETH-PERPETUAL,143.13,buy,1.0,
11667881,ETH-14945963,1586131926987,3,143.15,ETH-PERPETUAL,143.21,sell,2.0,
11667882,ETH-14945965,1586131938600,3,143.15,ETH-PERPETUAL,143.16,buy,120.0,
11667883,ETH-14945966,1586131953980,0,143.2,ETH-PERPETUAL,143.21,buy,1.0,
11667884,ETH-14945967,1586131953980,1,143.2,ETH-PERPETUAL,143.21,buy,49.0,
11667885,ETH-14945968,1586131990797,2,143.15,ETH-PERPETUAL,143.17,buy,1.0,
11667886,ETH-14945969,1586131990797,3,143.15,ETH-PERPETUAL,143.17,buy,2.0,
11667887,ETH-14945971,1586131999344,0,143.2,ETH-PERPETUAL,143.22,buy,90.0,
11667888,ETH-14945972,1586131999344,1,143.2,ETH-PERPETUAL,143.22,buy,141.0,
11667889,ETH-14945973,1586132012033,0,143.25,ETH-PERPETUAL,143.28,buy,1.0,
11667890,ETH-14945974,1586132012033,1,143.25,ETH-PERPETUAL,143.28,buy,2.0,
11667891,ETH-14945975,1586132012033,1,143.25,ETH-PERPETUAL,143.28,buy,20.0,
11667892,ETH-14945976,1586132017773,1,143.25,ETH-PERPETUAL,143.3,sell,25.0,
11667893,ETH-14945977,1586132026215,0,143.3,ETH-PERPETUAL,143.31,buy,4.0,
11667894,ETH-14945978,1586132026215,1,143.3,ETH-PERPETUAL,143.31,buy,1.0,
11667895,ETH-14945979,1586132026215,1,143.3,ETH-PERPETUAL,143.31,buy,45.0,
11667896,ETH-14945981,1586132041181,1,143.3,ETH-PERPETUAL,143.34,sell,2.0,
11667897,ETH-14945982,1586132041181,1,143.3,ETH-PERPETUAL,143.34,sell,1.0,
11667898,ETH-14945983,1586132041181,1,143.3,ETH-PERPETUAL,143.34,sell,2.0,
11667899,ETH-14945984,1586132055652,2,143.25,ETH-PERPETUAL,143.29,buy,20.0,
11667900,ETH-14945985,1586132060681,3,143.25,ETH-PERPETUAL,143.32,sell,5.0,
11667901,ETH-14945986,1586132065646,3,143.25,ETH-PERPETUAL,143.34,sell,5.0,
11667902,ETH-14945987,1586132071050,3,143.25,ETH-PERPETUAL,143.35,sell,5.0,
11667903,ETH-14945988,1586132075893,3,143.25,ETH-PERPETUAL,143.34,sell,5.0,
11667904,ETH-14945989,1586132077791,0,143.3,ETH-PERPETUAL,143.34,buy,20.0,
11667905,ETH-14945990,1586132077791,1,143.3,ETH-PERPETUAL,143.34,buy,1000.0,
11667906,ETH-14945991,1586132080657,1,143.3,ETH-PERPETUAL,143.33,sell,2.0,
11667907,ETH-14945992,1586132082345,2,143.2,ETH-PERPETUAL,143.3,sell,5.0,
11667908,ETH-14945993,1586132088161,3,143.2,ETH-PERPETUAL,143.28,sell,5.0,
11667909,ETH-14945994,1586132093719,3,143.2,ETH-PERPETUAL,143.27,sell,5.0,
11667910,ETH-14945995,1586132098530,3,143.2,ETH-PERPETUAL,143.26,sell,5.0,
11667911,ETH-14945996,1586132103790,3,143.2,ETH-PERPETUAL,143.26,sell,5.0,
11667912,ETH-14945997,1586132109934,3,143.2,ETH-PERPETUAL,143.25,sell,5.0,
11667913,ETH-14945998,1586132109990,3,143.2,ETH-PERPETUAL,143.25,sell,50.0,
11667914,ETH-14945999,1586132109990,3,143.2,ETH-PERPETUAL,143.25,sell,220.0,
11667915,ETH-14946000,1586132109990,3,143.2,ETH-PERPETUAL,143.25,sell,5.0,
11667916,ETH-14946001,1586132117965,2,143.15,ETH-PERPETUAL,143.21,sell,4.0,
11667917,ETH-14946002,1586132117965,3,143.15,ETH-PERPETUAL,143.21,sell,1.0,
11667918,ETH-14946003,1586132127138,0,143.2,ETH-PERPETUAL,143.23,buy,1.0,
11667919,ETH-14946004,1586132127138,1,143.2,ETH-PERPETUAL,143.23,buy,10.0,
11667920,ETH-14946005,1586132134012,0,143.25,ETH-PERPETUAL,143.26,buy,1.0,
11667921,ETH-14946006,1586132134012,1,143.25,ETH-PERPETUAL,143.26,buy,4.0,
11667922,ETH-14946007,1586132136564,1,143.25,ETH-PERPETUAL,143.28,sell,5.0,
11667923,ETH-14946008,1586132144958,1,143.25,ETH-PERPETUAL,143.29,sell,5.0,
11667924,ETH-14946009,1586132159221,1,143.25,ETH-PERPETUAL,143.28,sell,2.0,
11667925,ETH-14946010,1586132159221,1,143.25,ETH-PERPETUAL,143.28,sell,3.0,
11667926,ETH-14946011,1586132165272,0,143.3,ETH-PERPETUAL,143.29,buy,1.0,
11667927,ETH-14946012,1586132165896,0,143.35,ETH-PERPETUAL,143.31,buy,1.0,
11667928,ETH-14946013,1586132165896,1,143.35,ETH-PERPETUAL,143.31,buy,1.0,
11667929,ETH-14946014,1586132165896,1,143.35,ETH-PERPETUAL,143.31,buy,1.0,
11667930,ETH-14946015,1586132165896,1,143.35,ETH-PERPETUAL,143.31,buy,255.0,
11667931,ETH-14946017,1586132177539,1,143.35,ETH-PERPETUAL,143.4,sell,5.0,
11667932,ETH-14946018,1586132177678,1,143.35,ETH-PERPETUAL,143.38,sell,2.0,
11667933,ETH-14946019,1586132177678,1,143.35,ETH-PERPETUAL,143.38,sell,3.0,
11667934,ETH-14946020,1586132177678,1,143.35,ETH-PERPETUAL,143.38,sell,5.0,
11667935,ETH-14946021,1586132194358,0,143.4,ETH-PERPETUAL,143.38,buy,1.0,
11667936,ETH-14946022,1586132194358,1,143.4,ETH-PERPETUAL,143.38,buy,1.0,
11667937,ETH-14946023,1586132194358,1,143.4,ETH-PERPETUAL,143.38,buy,1.0,
11667938,ETH-14946024,1586132194358,1,143.4,ETH-PERPETUAL,143.38,buy,20.0,
11667939,ETH-14946029,1586132200756,1,143.4,ETH-PERPETUAL,143.46,sell,5.0,
11667940,ETH-14946030,1586132206201,1,143.4,ETH-PERPETUAL,143.44,sell,5.0,
11667941,ETH-14946031,1586132218772,1,143.4,ETH-PERPETUAL,143.45,sell,5.0,
11667942,ETH-14946032,1586132232491,0,143.45,ETH-PERPETUAL,143.46,buy,1.0,
11667943,ETH-14946033,1586132232491,1,143.45,ETH-PERPETUAL,143.46,buy,1.0,
11667944,ETH-14946034,1586132232491,1,143.45,ETH-PERPETUAL,143.46,buy,1.0,
11667945,ETH-14946035,1586132232491,1,143.45,ETH-PERPETUAL,143.46,buy,30.0,
11667946,ETH-14946036,1586132232831,0,143.5,ETH-PERPETUAL,143.46,buy,1.0,
11667947,ETH-14946037,1586132232831,1,143.5,ETH-PERPETUAL,143.46,buy,1.0,
11667948,ETH-14946038,1586132232831,1,143.5,ETH-PERPETUAL,143.46,buy,127.0,
11667949,ETH-14946039,1586132232831,1,143.5,ETH-PERPETUAL,143.46,buy,3000.0,
11667950,ETH-14946040,1586132236916,1,143.5,ETH-PERPETUAL,143.53,sell,5.0,
11667951,ETH-14946041,1586132245114,1,143.5,ETH-PERPETUAL,143.56,sell,5.0,
11667952,ETH-14946044,1586132247375,0,143.55,ETH-PERPETUAL,143.56,buy,5.0,
11667953,ETH-14946045,1586132247375,1,143.55,ETH-PERPETUAL,143.56,buy,1.0,
11667954,ETH-14946046,1586132247375,1,143.55,ETH-PERPETUAL,143.56,buy,1.0,
11667955,ETH-14946047,1586132247375,1,143.55,ETH-PERPETUAL,143.56,buy,1.0,
11667956,ETH-14946048,1586132247375,1,143.55,ETH-PERPETUAL,143.56,buy,86.0,
11667957,ETH-14946049,1586132247375,1,143.55,ETH-PERPETUAL,143.56,buy,20.0,
11667958,ETH-14946050,1586132247580,0,143.6,ETH-PERPETUAL,143.56,buy,1.0,
11667959,ETH-14946051,1586132247580,1,143.6,ETH-PERPETUAL,143.56,buy,1.0,
11667960,ETH-14946052,1586132247580,1,143.6,ETH-PERPETUAL,143.56,buy,1.0,
11667961,ETH-14946053,1586132248006,0,143.65,ETH-PERPETUAL,143.56,buy,1.0,
11667962,ETH-14946054,1586132248006,1,143.65,ETH-PERPETUAL,143.56,buy,1.0,
11667963,ETH-14946055,1586132248006,1,143.65,ETH-PERPETUAL,143.56,buy,1151.0,
11667964,ETH-14946056,1586132248006,1,143.65,ETH-PERPETUAL,143.56,buy,591.0,
11667965,ETH-14946057,1586132248009,1,143.65,ETH-PERPETUAL,143.56,buy,1822.0,
11667966,ETH-14946058,1586132248012,1,143.65,ETH-PERPETUAL,143.56,buy,1246.0,
11667967,ETH-14946059,1586132248014,1,143.65,ETH-PERPETUAL,143.56,buy,6341.0,
11667968,ETH-14946062,1586132273243,0,143.7,ETH-PERPETUAL,143.7,buy,1.0,
11667969,ETH-14946063,1586132273243,1,143.7,ETH-PERPETUAL,143.7,buy,12000.0,
11667970,ETH-14946064,1586132273243,1,143.7,ETH-PERPETUAL,143.7,buy,1.0,
11667971,ETH-14946065,1586132273243,1,143.7,ETH-PERPETUAL,143.7,buy,1.0,
11667972,ETH-14946066,1586132279509,1,143.7,ETH-PERPETUAL,143.7,sell,142.0,
11667973,ETH-14946067,1586132301417,1,143.7,ETH-PERPETUAL,143.71,sell,18.0,
11667974,ETH-14946068,1586132308838,2,143.65,ETH-PERPETUAL,143.67,sell,1.0,
11667975,ETH-14946069,1586132308838,3,143.65,ETH-PERPETUAL,143.67,sell,170.0,
11667976,ETH-14946070,1586132308838,3,143.65,ETH-PERPETUAL,143.67,sell,50.0,
11667977,ETH-14946071,1586132308838,3,143.65,ETH-PERPETUAL,143.67,sell,16.0,
11667978,ETH-14946073,1586132309268,3,143.65,ETH-PERPETUAL,143.67,buy,1436.0,
11667979,ETH-14946074,1586132309268,3,143.65,ETH-PERPETUAL,143.67,buy,5800.0,
11667980,ETH-14946075,1586132309268,3,143.65,ETH-PERPETUAL,143.67,buy,2915.0,
11667981,ETH-14946076,1586132309817,2,143.6,ETH-PERPETUAL,143.64,sell,151.0,
11667982,ETH-14946077,1586132310026,2,143.55,ETH-PERPETUAL,143.64,sell,599.0,
11667983,ETH-14946078,1586132310094,3,143.55,ETH-PERPETUAL,143.64,sell,1019.0,
11667984,ETH-14946079,1586132310103,3,143.55,ETH-PERPETUAL,143.64,sell,63.0,
11667985,ETH-14946080,1586132310162,3,143.55,ETH-PERPETUAL,143.64,sell,1319.0,
11667986,ETH-14946081,1586132310162,3,143.55,ETH-PERPETUAL,143.64,sell,529.0,
11667987,ETH-14946082,1586132310176,3,143.55,ETH-PERPETUAL,143.64,sell,150.0,
11667988,ETH-14946083,1586132310203,3,143.55,ETH-PERPETUAL,143.64,sell,976.0,
11667989,ETH-14946084,1586132310222,3,143.55,ETH-PERPETUAL,143.64,sell,150.0,
11667990,ETH-14946085,1586132310239,3,143.55,ETH-PERPETUAL,143.64,sell,1.0,
11667991,ETH-14946086,1586132310239,3,143.55,ETH-PERPETUAL,143.64,sell,61.0,
11667992,ETH-14946087,1586132310544,3,143.55,ETH-PERPETUAL,143.64,sell,739.0,
11667993,ETH-14946088,1586132310567,3,143.55,ETH-PERPETUAL,143.62,sell,739.0,
11667994,ETH-14946095,1586132350859,0,143.7,ETH-PERPETUAL,143.72,buy,127.0,
11667995,ETH-14946096,1586132352433,1,143.7,ETH-PERPETUAL,143.74,sell,50.0,
11667996,ETH-14946097,1586132365963,0,143.75,ETH-PERPETUAL,143.76,buy,10.0,
11667997,ETH-14946098,1586132365963,1,143.75,ETH-PERPETUAL,143.76,buy,100.0,
11667998,ETH-14946099,1586132365975,1,143.75,ETH-PERPETUAL,143.76,buy,9900.0,
11667999,ETH-14946100,1586132365975,1,143.75,ETH-PERPETUAL,143.76,buy,1.0,
11668000,ETH-14946101,1586132365975,1,143.75,ETH-PERPETUAL,143.76,buy,86.0,
11668001,ETH-14946102,1586132365975,1,143.75,ETH-PERPETUAL,143.76,buy,40.0,
11668002,ETH-14946103,1586132365975,0,143.8,ETH-PERPETUAL,143.76,buy,2.0,
11668003,ETH-14946104,1586132365975,1,143.8,ETH-PERPETUAL,143.76,buy,12000.0,
11668004,ETH-14946105,1586132365975,0,143.85,ETH-PERPETUAL,143.76,buy,50.0,
11668005,ETH-14946106,1586132365975,1,143.85,ETH-PERPETUAL,143.76,buy,2.0,
11668006,ETH-14946107,1586132365975,1,143.85,ETH-PERPETUAL,143.76,buy,800.0,
11668007,ETH-14946108,1586132365975,1,143.85,ETH-PERPETUAL,143.76,buy,1438.0,
11668008,ETH-14946109,1586132365975,0,143.9,ETH-PERPETUAL,143.76,buy,2.0,
11668009,ETH-14946110,1586132365975,1,143.9,ETH-PERPETUAL,143.76,buy,5000.0,
11668010,ETH-14946111,1586132365975,1,143.9,ETH-PERPETUAL,143.76,buy,106.0,
11668011,ETH-14946112,1586132365975,1,143.9,ETH-PERPETUAL,143.76,buy,573.0,
11668012,ETH-14946116,1586132367929,1,143.9,ETH-PERPETUAL,143.79,sell,5.0,
11668013,ETH-14946117,1586132367929,1,143.9,ETH-PERPETUAL,143.79,sell,100.0,
11668014,ETH-14946118,1586132368130,1,143.9,ETH-PERPETUAL,143.81,sell,5.0,
11668015,ETH-14946119,1586132381986,2,143.85,ETH-PERPETUAL,143.84,sell,9.0,
11668016,ETH-14946120,1586132381986,3,143.85,ETH-PERPETUAL,143.84,sell,12.0,
11668017,ETH-14946122,1586132382911,2,143.75,ETH-PERPETUAL,143.84,buy,991.0,
11668018,ETH-14946123,1586132383623,3,143.75,ETH-PERPETUAL,143.78,buy,314.0,
11668019,ETH-14946124,1586132383625,3,143.75,ETH-PERPETUAL,143.78,buy,400.0,
11668020,ETH-14946125,1586132383626,3,143.75,ETH-PERPETUAL,143.78,buy,495.0,
11668021,ETH-14946126,1586132383626,3,143.75,ETH-PERPETUAL,143.78,buy,100.0,
11668022,ETH-14946127,1586132384147,0,143.8,ETH-PERPETUAL,143.81,buy,1.0,
11668023,ETH-14946128,1586132386299,0,143.85,ETH-PERPETUAL,143.84,sell,124.0,
11668024,ETH-14946129,1586132386299,1,143.85,ETH-PERPETUAL,143.84,sell,4400.0,
11668025,ETH-14946130,1586132386299,1,143.85,ETH-PERPETUAL,143.84,sell,800.0,
11668026,ETH-14946131,1586132386299,1,143.85,ETH-PERPETUAL,143.84,sell,100.0,
11668027,ETH-14946132,1586132386299,2,143.8,ETH-PERPETUAL,143.84,sell,6751.0,
11668028,ETH-14946133,1586132393334,3,143.8,ETH-PERPETUAL,143.83,sell,800.0,
11668029,ETH-14946134,1586132393334,3,143.8,ETH-PERPETUAL,143.83,sell,20.0,
11668030,ETH-14946135,1586132395602,2,143.75,ETH-PERPETUAL,143.77,buy,100.0,
11668031,ETH-14946136,1586132411820,0,143.85,ETH-PERPETUAL,143.81,buy,1.0,
11668032,ETH-14946137,1586132411820,1,143.85,ETH-PERPETUAL,143.81,buy,300.0,
11668033,ETH-14946141,1586132426346,1,143.85,ETH-PERPETUAL,143.84,sell,8.0,
11668034,ETH-14946142,1586132426346,1,143.85,ETH-PERPETUAL,143.84,sell,7.0,
11668035,ETH-14946143,1586132453939,2,143.8,ETH-PERPETUAL,143.8,sell,90.0,
11668036,ETH-14946144,1586132453939,3,143.8,ETH-PERPETUAL,143.8,sell,30.0,
11668037,ETH-14946145,1586132453939,3,143.8,ETH-PERPETUAL,143.8,sell,14.0,
11668038,ETH-14946146,1586132453939,3,143.8,ETH-PERPETUAL,143.8,sell,866.0,
11668039,ETH-14946147,1586132455011,2,143.75,ETH-PERPETUAL,143.8,buy,100.0,
11668040,ETH-14946150,1586132468604,3,143.75,ETH-PERPETUAL,143.82,sell,100.0,
11668041,ETH-14946151,1586132468604,3,143.75,ETH-PERPETUAL,143.82,sell,900.0,
11668042,ETH-14946153,1586132474370,0,143.8,ETH-PERPETUAL,143.82,buy,350.0,
11668043,ETH-14946155,1586132476982,0,143.9,ETH-PERPETUAL,143.86,buy,2.0,
11668044,ETH-14946156,1586132476982,1,143.9,ETH-PERPETUAL,143.86,buy,1.0,
11668045,ETH-14946157,1586132476982,1,143.9,ETH-PERPETUAL,143.86,buy,20.0,
11668046,ETH-14946158,1586132476982,1,143.9,ETH-PERPETUAL,143.86,buy,46.0,
11668047,ETH-14946159,1586132477562,1,143.9,ETH-PERPETUAL,143.86,buy,254.0,
11668048,ETH-14946160,1586132477562,1,143.9,ETH-PERPETUAL,143.86,buy,1000.0,
11668049,ETH-14946161,1586132477562,0,143.95,ETH-PERPETUAL,143.86,buy,10.0,
11668050,ETH-14946162,1586132477562,1,143.95,ETH-PERPETUAL,143.86,buy,9000.0,
11668051,ETH-14946163,1586132477956,0,144.0,ETH-PERPETUAL,143.87,buy,10.0,
11668052,ETH-14946164,1586132477956,1,144.0,ETH-PERPETUAL,143.87,buy,500.0,
11668053,ETH-14946165,1586132477956,1,144.0,ETH-PERPETUAL,143.87,buy,50.0,
11668054,ETH-14946166,1586132477956,1,144.0,ETH-PERPETUAL,143.87,buy,1438.0,
11668055,ETH-14946167,1586132477966,1,144.0,ETH-PERPETUAL,143.87,buy,4610.0,
11668056,ETH-14946168,1586132477966,1,144.0,ETH-PERPETUAL,143.87,buy,1.0,
11668057,ETH-14946169,1586132477966,1,144.0,ETH-PERPETUAL,143.87,buy,12000.0,
11668058,ETH-14946170,1586132477966,1,144.0,ETH-PERPETUAL,143.87,buy,3000.0,
11668059,ETH-14946171,1586132477966,0,144.05,ETH-PERPETUAL,143.87,buy,2.0,
11668060,ETH-14946172,1586132477966,1,144.05,ETH-PERPETUAL,143.87,buy,100.0,
11668061,ETH-14946173,1586132477966,1,144.05,ETH-PERPETUAL,143.87,buy,287.0,
11668062,ETH-14946174,1586132480252,2,144.0,ETH-PERPETUAL,143.88,buy,1.0,
11668063,ETH-14946175,1586132480252,3,144.0,ETH-PERPETUAL,143.88,buy,39.0,
11668064,ETH-14946176,1586132480478,3,144.0,ETH-PERPETUAL,143.88,buy,10.0,
11668065,ETH-14946177,1586132482599,2,143.95,ETH-PERPETUAL,143.93,sell,5.0,
11668066,ETH-14946178,1586132482599,3,143.95,ETH-PERPETUAL,143.93,sell,6.0,
11668067,ETH-14946179,1586132482599,3,143.95,ETH-PERPETUAL,143.93,sell,10.0,
11668068,ETH-14946180,1586132486091,3,143.95,ETH-PERPETUAL,143.94,sell,5.0,
11668069,ETH-14946181,1586132486091,3,143.95,ETH-PERPETUAL,143.94,sell,11.0,
11668070,ETH-14946182,1586132493225,2,143.9,ETH-PERPETUAL,143.87,buy,98.0,
11668071,ETH-14946183,1586132507456,0,144.0,ETH-PERPETUAL,143.91,buy,10.0,
11668072,ETH-14946184,1586132507456,1,144.0,ETH-PERPETUAL,143.91,buy,530.0,
11668073,ETH-14946185,1586132507456,1,144.0,ETH-PERPETUAL,143.91,buy,50.0,
11668074,ETH-14946187,1586132507642,0,144.05,ETH-PERPETUAL,143.91,buy,1598.0,
11668075,ETH-14946188,1586132508100,1,144.05,ETH-PERPETUAL,143.96,buy,1000.0,
11668076,ETH-14946189,1586132508100,1,144.05,ETH-PERPETUAL,143.96,buy,1.0,
11668077,ETH-14946190,1586132509812,2,144.0,ETH-PERPETUAL,144.01,sell,5.0,
11668078,ETH-14946192,1586132510392,2,143.95,ETH-PERPETUAL,143.97,sell,5.0,
11668079,ETH-14946193,1586132510449,2,143.9,ETH-PERPETUAL,143.97,sell,3000.0,
11668080,ETH-14946194,1586132510449,3,143.9,ETH-PERPETUAL,143.97,sell,656.0,
11668081,ETH-14946195,1586132510449,3,143.9,ETH-PERPETUAL,143.97,sell,800.0,
11668082,ETH-14946196,1586132515543,3,143.9,ETH-PERPETUAL,143.95,sell,1.0,
11668083,ETH-14946197,1586132515543,3,143.9,ETH-PERPETUAL,143.95,sell,1.0,
11668084,ETH-14946200,1586132521600,2,143.85,ETH-PERPETUAL,143.89,sell,12.0,
11668085,ETH-14946201,1586132521600,3,143.85,ETH-PERPETUAL,143.89,sell,3590.0,
11668086,ETH-14946202,1586132521760,0,143.9,ETH-PERPETUAL,143.89,buy,5.0,
11668087,ETH-14946203,1586132521776,1,143.9,ETH-PERPETUAL,143.89,buy,725.0,
11668088,ETH-14946204,1586132522724,0,143.95,ETH-PERPETUAL,143.92,buy,2.0,
11668089,ETH-14946205,1586132527908,0,144.0,ETH-PERPETUAL,143.98,buy,86.0,
11668090,ETH-14946206,1586132535340,1,144.0,ETH-PERPETUAL,144.04,buy,10.0,
11668091,ETH-14946207,1586132539844,0,144.1,ETH-PERPETUAL,144.04,buy,360.0,
11668092,ETH-14946208,1586132539844,1,144.1,ETH-PERPETUAL,144.04,buy,10.0,
11668093,ETH-14946209,1586132539844,1,144.1,ETH-PERPETUAL,144.04,buy,1.0,
11668094,ETH-14946210,1586132539844,1,144.1,ETH-PERPETUAL,144.04,buy,1.0,
11668095,ETH-14946211,1586132539844,0,144.15,ETH-PERPETUAL,144.04,buy,10.0,
11668096,ETH-14946212,1586132539844,1,144.15,ETH-PERPETUAL,144.04,buy,1.0,
11668097,ETH-14946213,1586132539844,1,144.15,ETH-PERPETUAL,144.04,buy,126.0,
11668098,ETH-14946214,1586132541019,1,144.15,ETH-PERPETUAL,144.06,buy,505.0,
11668099,ETH-14946215,1586132542094,2,144.1,ETH-PERPETUAL,144.07,sell,5.0,
11668100,ETH-14946216,1586132542094,3,144.1,ETH-PERPETUAL,144.07,sell,98.0,
11668101,ETH-14946217,1586132542094,3,144.1,ETH-PERPETUAL,144.07,sell,10.0,
11668102,ETH-14946218,1586132542094,3,144.1,ETH-PERPETUAL,144.07,sell,40.0,
11668103,ETH-14946219,1586132552374,0,144.15,ETH-PERPETUAL,144.09,buy,153.0,
11668104,ETH-14946220,1586132565304,2,144.1,ETH-PERPETUAL,144.13,sell,5.0,
11668105,ETH-14946221,1586132565304,3,144.1,ETH-PERPETUAL,144.13,sell,9.0,
11668106,ETH-14946222,1586132565304,3,144.1,ETH-PERPETUAL,144.13,sell,129.0,
11668107,ETH-14946223,1586132567928,2,144.0,ETH-PERPETUAL,144.09,sell,3000.0,
11668108,ETH-14946224,1586132567928,3,144.0,ETH-PERPETUAL,144.09,sell,561.0,
11668109,ETH-14946225,1586132571305,3,144.0,ETH-PERPETUAL,144.07,sell,39.0,
11668110,ETH-14946226,1586132571305,3,144.0,ETH-PERPETUAL,144.07,sell,3800.0,
11668111,ETH-14946227,1586132571305,3,144.0,ETH-PERPETUAL,144.07,sell,17.0,
11668112,ETH-14946228,1586132571305,2,143.95,ETH-PERPETUAL,144.07,sell,3000.0,
11668113,ETH-14946229,1586132571305,3,143.95,ETH-PERPETUAL,144.07,sell,3978.0,
11668114,ETH-14946230,1586132571373,0,144.0,ETH-PERPETUAL,144.07,buy,592.0,
11668115,ETH-14946231,1586132574441,1,144.0,ETH-PERPETUAL,144.04,buy,100.0,
11668116,ETH-14946232,1586132574441,1,144.0,ETH-PERPETUAL,144.04,buy,492.0,
11668117,ETH-14946233,1586132574900,2,143.95,ETH-PERPETUAL,144.04,sell,1224.0,
11668118,ETH-14946236,1586132577098,3,143.95,ETH-PERPETUAL,143.98,buy,135.0,
11668119,ETH-14946237,1586132593891,0,144.0,ETH-PERPETUAL,144.02,buy,2.0,
11668120,ETH-14946238,1586132598033,0,144.05,ETH-PERPETUAL,144.04,sell,100.0,
11668121,ETH-14946239,1586132607652,2,144.0,ETH-PERPETUAL,144.03,sell,50.0,
11668122,ETH-14946240,1586132607652,3,144.0,ETH-PERPETUAL,144.03,sell,20.0,
11668123,ETH-14946241,1586132607652,3,144.0,ETH-PERPETUAL,144.03,sell,5.0,
11668124,ETH-14946242,1586132610496,2,143.95,ETH-PERPETUAL,144.02,sell,547.0,
11668125,ETH-14946243,1586132622579,0,144.0,ETH-PERPETUAL,144.05,sell,800.0,
11668126,ETH-14946244,1586132622579,1,144.0,ETH-PERPETUAL,144.05,sell,109.0,
11668127,ETH-14946245,1586132624014,1,144.0,ETH-PERPETUAL,144.03,buy,100.0,
11668128,ETH-14946246,1586132642162,0,144.1,ETH-PERPETUAL,144.09,buy,40.0,
11668129,ETH-14946247,1586132642162,1,144.1,ETH-PERPETUAL,144.09,buy,2.0,
11668130,ETH-14946248,1586132642162,1,144.1,ETH-PERPETUAL,144.09,buy,958.0,
11668131,ETH-14946249,1586132646568,0,144.15,ETH-PERPETUAL,144.11,buy,1.0,
11668132,ETH-14946250,1586132658811,1,144.15,ETH-PERPETUAL,144.14,buy,1000.0,
11668133,ETH-14946251,1586132658811,1,144.15,ETH-PERPETUAL,144.14,buy,86.0,
11668134,ETH-14946252,1586132658811,1,144.15,ETH-PERPETUAL,144.14,buy,1127.0,
11668135,ETH-14946253,1586132662125,0,144.2,ETH-PERPETUAL,144.2,buy,360.0,
11668136,ETH-14946254,1586132662125,1,144.2,ETH-PERPETUAL,144.2,buy,1.0,
11668137,ETH-14946255,1586132662125,1,144.2,ETH-PERPETUAL,144.2,buy,1.0,
11668138,ETH-14946256,1586132662125,1,144.2,ETH-PERPETUAL,144.2,buy,10.0,
11668139,ETH-14946257,1586132662125,1,144.2,ETH-PERPETUAL,144.2,buy,20.0,
11668140,ETH-14946261,1586132662916,0,144.25,ETH-PERPETUAL,144.2,buy,1080.0,
11668141,ETH-14946262,1586132662960,1,144.25,ETH-PERPETUAL,144.2,buy,1081.0,
11668142,ETH-14946263,1586132663010,1,144.25,ETH-PERPETUAL,144.2,buy,1599.0,
11668143,ETH-14946264,1586132663259,1,144.25,ETH-PERPETUAL,144.23,buy,5456.0,
11668144,ETH-14946265,1586132664610,0,144.3,ETH-PERPETUAL,144.24,buy,360.0,
11668145,ETH-14946266,1586132664610,1,144.3,ETH-PERPETUAL,144.24,buy,29.0,
11668146,ETH-14946267,1586132664610,1,144.3,ETH-PERPETUAL,144.24,buy,311.0,
11668147,ETH-14946268,1586132665145,1,144.3,ETH-PERPETUAL,144.22,buy,2012.0,
11668148,ETH-14946269,1586132665246,1,144.3,ETH-PERPETUAL,144.22,buy,40.0,T
11668149,ETH-14946270,1586132677246,2,144.25,ETH-PERPETUAL,144.22,sell,6.0,
11668150,ETH-14946271,1586132677246,3,144.25,ETH-PERPETUAL,144.22,sell,11.0,
11668151,ETH-14946272,1586132677246,3,144.25,ETH-PERPETUAL,144.22,sell,1602.0,
11668152,ETH-14946273,1586132679847,3,144.25,ETH-PERPETUAL,144.24,buy,25.0,
11668153,ETH-14946274,1586132680020,3,144.25,ETH-PERPETUAL,144.24,buy,75.0,
11668154,ETH-14946275,1586132680020,3,144.25,ETH-PERPETUAL,144.24,buy,1.0,
11668155,ETH-14946276,1586132680020,3,144.25,ETH-PERPETUAL,144.24,buy,1700.0,
11668156,ETH-14946277,1586132680020,3,144.25,ETH-PERPETUAL,144.24,buy,1000.0,
11668157,ETH-14946278,1586132680020,0,144.3,ETH-PERPETUAL,144.24,buy,2224.0,
11668158,ETH-14946279,1586132680853,1,144.3,ETH-PERPETUAL,144.24,buy,25.0,
11668159,ETH-14946280,1586132681647,1,144.3,ETH-PERPETUAL,144.24,buy,25.0,
11668160,ETH-14946281,1586132682549,1,144.3,ETH-PERPETUAL,144.27,buy,25.0,
11668161,ETH-14946282,1586132683196,1,144.3,ETH-PERPETUAL,144.27,buy,25.0,
11668162,ETH-14946283,1586132683783,1,144.3,ETH-PERPETUAL,144.27,buy,25.0,
11668163,ETH-14946284,1586132684517,1,144.3,ETH-PERPETUAL,144.27,buy,25.0,
11668164,ETH-14946285,1586132685168,1,144.3,ETH-PERPETUAL,144.27,buy,25.0,
11668165,ETH-14946286,1586132685436,1,144.3,ETH-PERPETUAL,144.27,buy,542.0,
11668166,ETH-14946287,1586132685520,1,144.3,ETH-PERPETUAL,144.27,buy,593.0,
11668167,ETH-14946288,1586132685590,1,144.3,ETH-PERPETUAL,144.27,buy,6103.0,
11668168,ETH-14946289,1586132685590,1,144.3,ETH-PERPETUAL,144.27,buy,86.0,
11668169,ETH-14946290,1586132685590,1,144.3,ETH-PERPETUAL,144.27,buy,1.0,
11668170,ETH-14946291,1586132685590,1,144.3,ETH-PERPETUAL,144.27,buy,1.0,
11668171,ETH-14946292,1586132685590,1,144.3,ETH-PERPETUAL,144.27,buy,119.0,
11668172,ETH-14946293,1586132685590,1,144.3,ETH-PERPETUAL,144.27,buy,1857.0,
11668173,ETH-14946294,1586132685650,0,144.35,ETH-PERPETUAL,144.27,buy,2.0,
11668174,ETH-14946295,1586132685650,1,144.35,ETH-PERPETUAL,144.27,buy,60.0,
11668175,ETH-14946296,1586132685650,1,144.35,ETH-PERPETUAL,144.27,buy,94.0,
11668176,ETH-14946297,1586132686621,1,144.35,ETH-PERPETUAL,144.27,buy,538.0,
11668177,ETH-14946298,1586132686699,1,144.35,ETH-PERPETUAL,144.27,buy,589.0,
11668178,ETH-14946299,1586132686779,1,144.35,ETH-PERPETUAL,144.27,buy,8015.0,
11668179,ETH-14946300,1586132686836,1,144.35,ETH-PERPETUAL,144.27,buy,155.0,
11668180,ETH-14946301,1586132696957,1,144.35,ETH-PERPETUAL,144.35,buy,1.0,
11668181,ETH-14946302,1586132696957,1,144.35,ETH-PERPETUAL,144.35,buy,50.0,
11668182,ETH-14946303,1586132696957,1,144.35,ETH-PERPETUAL,144.35,buy,86.0,
11668183,ETH-14946305,1586132701247,0,144.4,ETH-PERPETUAL,144.38,buy,360.0,
11668184,ETH-14946306,1586132701247,1,144.4,ETH-PERPETUAL,144.38,buy,1.0,
11668185,ETH-14946307,1586132701247,1,144.4,ETH-PERPETUAL,144.38,buy,1.0,
11668186,ETH-14946308,1586132701253,0,144.45,ETH-PERPETUAL,144.38,buy,15.0,
11668187,ETH-14946309,1586132701253,1,144.45,ETH-PERPETUAL,144.38,buy,345.0,
11668188,ETH-14946310,1586132701253,1,144.45,ETH-PERPETUAL,144.38,buy,1000.0,
11668189,ETH-14946311,1586132701253,1,144.45,ETH-PERPETUAL,144.38,buy,1755.0,
11668190,ETH-14946312,1586132701253,0,144.5,ETH-PERPETUAL,144.38,buy,2.0,
11668191,ETH-14946313,1586132701253,1,144.5,ETH-PERPETUAL,144.38,buy,50.0,
11668192,ETH-14946314,1586132701253,1,144.5,ETH-PERPETUAL,144.38,buy,500.0,
11668193,ETH-14946315,1586132701253,1,144.5,ETH-PERPETUAL,144.38,buy,118.0,
11668194,ETH-14946316,1586132701253,1,144.5,ETH-PERPETUAL,144.38,buy,3909.0,
11668195,ETH-14946317,1586132701253,0,144.55,ETH-PERPETUAL,144.38,buy,100.0,
11668196,ETH-14946318,1586132701253,1,144.55,ETH-PERPETUAL,144.38,buy,360.0,
11668197,ETH-14946319,1586132701253,1,144.55,ETH-PERPETUAL,144.38,buy,2500.0,
11668198,ETH-14946320,1586132701253,1,144.55,ETH-PERPETUAL,144.38,buy,2500.0,
11668199,ETH-14946321,1586132701253,1,144.55,ETH-PERPETUAL,144.38,buy,134.0,
11668200,ETH-14946322,1586132701253,1,144.55,ETH-PERPETUAL,144.38,buy,404.0,
11668201,ETH-14946323,1586132701253,1,144.55,ETH-PERPETUAL,144.38,buy,1448.0,
11668202,ETH-14946324,1586132701253,1,144.55,ETH-PERPETUAL,144.38,buy,800.0,
11668203,ETH-14946325,1586132701253,0,144.6,ETH-PERPETUAL,144.38,buy,4060.0,
11668204,ETH-14946326,1586132701262,2,144.55,ETH-PERPETUAL,144.38,buy,1445.0,
11668205,ETH-14946327,1586132701262,0,144.6,ETH-PERPETUAL,144.38,buy,2128.0,
11668206,ETH-14946329,1586132705351,2,144.5,ETH-PERPETUAL,144.46,sell,28.0,
11668207,ETH-14946330,1586132706595,0,144.55,ETH-PERPETUAL,144.47,buy,824.0,
11668208,ETH-14946331,1586132706823,1,144.55,ETH-PERPETUAL,144.47,buy,2.0,
11668209,ETH-14946332,1586132706823,1,144.55,ETH-PERPETUAL,144.47,buy,3.0,
11668210,ETH-14946333,1586132707101,0,144.6,ETH-PERPETUAL,144.47,buy,1.0,
11668211,ETH-14946334,1586132707101,1,144.6,ETH-PERPETUAL,144.47,buy,1755.0,
11668212,ETH-14946337,1586132707442,0,144.65,ETH-PERPETUAL,144.54,buy,360.0,
11668213,ETH-14946338,1586132707442,1,144.65,ETH-PERPETUAL,144.54,buy,1.0,
11668214,ETH-14946339,1586132707442,1,144.65,ETH-PERPETUAL,144.54,buy,1000.0,
11668215,ETH-14946340,1586132707442,1,144.65,ETH-PERPETUAL,144.54,buy,61.0,
11668216,ETH-14946341,1586132707447,1,144.65,ETH-PERPETUAL,144.54,buy,398.0,
11668217,ETH-14946342,1586132707447,0,144.7,ETH-PERPETUAL,144.54,buy,360.0,
11668218,ETH-14946343,1586132707447,1,144.7,ETH-PERPETUAL,144.54,buy,145.0,
11668219,ETH-14946344,1586132707447,1,144.7,ETH-PERPETUAL,144.54,buy,5.0,
11668220,ETH-14946345,1586132707447,0,144.75,ETH-PERPETUAL,144.54,buy,360.0,
11668221,ETH-14946346,1586132707447,1,144.75,ETH-PERPETUAL,144.54,buy,1447.0,
11668222,ETH-14946347,1586132707447,0,144.8,ETH-PERPETUAL,144.54,buy,360.0,
11668223,ETH-14946348,1586132707447,1,144.8,ETH-PERPETUAL,144.54,buy,500.0,
11668224,ETH-14946349,1586132707447,1,144.8,ETH-PERPETUAL,144.54,buy,2500.0,
11668225,ETH-14946350,1586132707447,1,144.8,ETH-PERPETUAL,144.54,buy,3909.0,
11668226,ETH-14946351,1586132707447,1,144.8,ETH-PERPETUAL,144.54,buy,10000.0,
11668227,ETH-14946352,1586132707447,1,144.8,ETH-PERPETUAL,144.54,buy,16.0,
11668228,ETH-14946356,1586132707797,1,144.8,ETH-PERPETUAL,144.54,buy,784.0,
11668229,ETH-14946357,1586132707797,1,144.8,ETH-PERPETUAL,144.54,buy,472.0,
11668230,ETH-14946360,1586132708076,1,144.8,ETH-PERPETUAL,144.54,buy,10.0,
11668231,ETH-14946363,1586132709220,2,144.75,ETH-PERPETUAL,144.58,sell,5.0,
11668232,ETH-14946364,1586132709220,3,144.75,ETH-PERPETUAL,144.58,sell,23.0,
11668233,ETH-14946365,1586132709291,0,144.8,ETH-PERPETUAL,144.58,buy,2.0,
11668234,ETH-14946366,1586132709291,1,144.8,ETH-PERPETUAL,144.58,buy,717.0,
11668235,ETH-14946367,1586132709291,1,144.8,ETH-PERPETUAL,144.58,buy,1.0,
11668236,ETH-14946368,1586132709291,1,144.8,ETH-PERPETUAL,144.58,buy,530.0,
11668237,ETH-14946369,1586132710203,0,144.85,ETH-PERPETUAL,144.64,buy,360.0,
11668238,ETH-14946370,1586132710203,1,144.85,ETH-PERPETUAL,144.64,buy,360.0,
11668239,ETH-14946371,1586132710203,1,144.85,ETH-PERPETUAL,144.64,buy,60.0,
11668240,ETH-14946372,1586132710203,1,144.85,ETH-PERPETUAL,144.64,buy,5.0,
11668241,ETH-14946373,1586132710203,0,144.9,ETH-PERPETUAL,144.64,buy,360.0,
11668242,ETH-14946374,1586132710203,1,144.9,ETH-PERPETUAL,144.64,buy,217.0,
11668243,ETH-14946375,1586132710209,1,144.9,ETH-PERPETUAL,144.64,buy,5.0,
11668244,ETH-14946376,1586132710243,2,144.85,ETH-PERPETUAL,144.64,sell,49.0,
11668245,ETH-14946378,1586132710508,0,144.9,ETH-PERPETUAL,144.65,buy,50.0,
11668246,ETH-14946379,1586132710681,2,144.85,ETH-PERPETUAL,144.65,sell,5.0,
11668247,ETH-14946380,1586132710681,2,144.8,ETH-PERPETUAL,144.65,sell,1996.0,
11668248,ETH-14946381,1586132712117,3,144.8,ETH-PERPETUAL,144.73,sell,2951.0,
11668249,ETH-14946382,1586132712211,3,144.8,ETH-PERPETUAL,144.73,sell,353.0,
11668250,ETH-14946383,1586132712211,3,144.8,ETH-PERPETUAL,144.73,sell,5.0,
11668251,ETH-14946384,1586132714235,2,144.7,ETH-PERPETUAL,144.68,sell,43.0,
11668252,ETH-14946388,1586132716325,2,144.65,ETH-PERPETUAL,144.63,buy,100.0,
11668253,ETH-14946389,1586132716325,3,144.65,ETH-PERPETUAL,144.63,buy,200.0,
11668254,ETH-14946392,1586132719499,0,144.7,ETH-PERPETUAL,144.66,sell,34.0,
11668255,ETH-14946393,1586132719499,2,144.65,ETH-PERPETUAL,144.66,sell,766.0,
11668256,ETH-14946394,1586132724510,3,144.65,ETH-PERPETUAL,144.67,sell,35.0,
11668257,ETH-14946395,1586132724510,3,144.65,ETH-PERPETUAL,144.67,sell,317.0,
11668258,ETH-14946396,1586132724526,3,144.65,ETH-PERPETUAL,144.67,sell,50.0,
11668259,ETH-14946397,1586132725181,0,144.7,ETH-PERPETUAL,144.67,buy,100.0,
11668260,ETH-14946398,1586132725181,1,144.7,ETH-PERPETUAL,144.67,buy,20.0,
11668261,ETH-14946399,1586132726033,0,144.75,ETH-PERPETUAL,144.71,buy,86.0,
11668262,ETH-14946400,1586132726086,0,144.8,ETH-PERPETUAL,144.71,buy,23.0,
11668263,ETH-14946401,1586132728208,0,144.85,ETH-PERPETUAL,144.74,buy,1.0,
11668264,ETH-14946402,1586132728208,1,144.85,ETH-PERPETUAL,144.74,buy,10.0,
11668265,ETH-14946403,1586132728208,1,144.85,ETH-PERPETUAL,144.74,buy,39.0,
11668266,ETH-14946404,1586132730334,1,144.85,ETH-PERPETUAL,144.77,sell,5.0,
11668267,ETH-14946405,1586132730334,1,144.85,ETH-PERPETUAL,144.77,sell,8.0,
11668268,ETH-14946406,1586132731025,2,144.8,ETH-PERPETUAL,144.77,sell,13.0,
11668269,ETH-14946407,1586132732613,3,144.8,ETH-PERPETUAL,144.78,sell,5.0,
11668270,ETH-14946408,1586132734172,3,144.8,ETH-PERPETUAL,144.76,sell,11.0,
11668271,ETH-14946409,1586132735664,0,144.85,ETH-PERPETUAL,144.78,buy,610.0,
11668272,ETH-14946410,1586132735664,1,144.85,ETH-PERPETUAL,144.78,buy,900.0,
11668273,ETH-14946411,1586132736108,1,144.85,ETH-PERPETUAL,144.78,sell,5.0,
11668274,ETH-14946412,1586132736108,1,144.85,ETH-PERPETUAL,144.78,sell,5.0,
11668275,ETH-14946413,1586132736656,1,144.85,ETH-PERPETUAL,144.77,sell,11.0,
11668276,ETH-14946414,1586132736778,0,144.9,ETH-PERPETUAL,144.77,buy,1247.0,
11668277,ETH-14946415,1586132737957,1,144.9,ETH-PERPETUAL,144.79,buy,1227.0,
11668278,ETH-14946416,1586132740750,2,144.8,ETH-PERPETUAL,144.77,sell,5.0,
11668279,ETH-14946417,1586132741731,3,144.8,ETH-PERPETUAL,144.79,sell,16.0,
11668280,ETH-14946420,1586132742747,2,144.65,ETH-PERPETUAL,144.73,buy,24.0,
11668281,ETH-14946421,1586132742747,3,144.65,ETH-PERPETUAL,144.73,buy,2900.0,
11668282,ETH-14946422,1586132742857,3,144.65,ETH-PERPETUAL,144.73,sell,2200.0,
11668283,ETH-14946423,1586132744478,0,144.7,ETH-PERPETUAL,144.72,buy,187.0,
11668284,ETH-14946424,1586132744852,2,144.65,ETH-PERPETUAL,144.72,sell,128.0,
11668285,ETH-14946425,1586132744852,3,144.65,ETH-PERPETUAL,144.72,sell,2074.0,
11668286,ETH-14946426,1586132747649,3,144.65,ETH-PERPETUAL,144.7,sell,141.0,
11668287,ETH-14946427,1586132752482,2,144.6,ETH-PERPETUAL,144.64,sell,80.0,
11668288,ETH-14946428,1586132752482,3,144.6,ETH-PERPETUAL,144.64,sell,20.0,
11668289,ETH-14946429,1586132752482,3,144.6,ETH-PERPETUAL,144.64,sell,610.0,
11668290,ETH-14946430,1586132752482,3,144.6,ETH-PERPETUAL,144.64,sell,8.0,
11668291,ETH-14946431,1586132753049,2,144.55,ETH-PERPETUAL,144.63,sell,1.0,
11668292,ETH-14946432,1586132753049,2,144.5,ETH-PERPETUAL,144.63,sell,14.0,
11668293,ETH-14946433,1586132758243,2,144.45,ETH-PERPETUAL,144.55,sell,2.0,
11668294,ETH-14946434,1586132758243,2,144.4,ETH-PERPETUAL,144.55,sell,3000.0,
11668295,ETH-14946435,1586132758243,3,144.4,ETH-PERPETUAL,144.55,sell,5748.0,
11668296,ETH-14946436,1586132758243,3,144.4,ETH-PERPETUAL,144.55,sell,115.0,
11668297,ETH-14946437,1586132758243,3,144.4,ETH-PERPETUAL,144.55,sell,3377.0,
11668298,ETH-14946438,1586132759182,0,144.45,ETH-PERPETUAL,144.51,buy,217.0,
11668299,ETH-14946439,1586132762156,2,144.4,ETH-PERPETUAL,144.48,sell,1.0,
11668300,ETH-14946440,1586132762156,3,144.4,ETH-PERPETUAL,144.48,sell,6.0,
11668301,ETH-14946441,1586132762411,2,144.35,ETH-PERPETUAL,144.48,sell,25.0,
11668302,ETH-14946442,1586132765953,3,144.35,ETH-PERPETUAL,144.44,sell,4.0,
11668303,ETH-14946443,1586132765953,3,144.35,ETH-PERPETUAL,144.44,sell,800.0,
11668304,ETH-14946444,1586132765953,3,144.35,ETH-PERPETUAL,144.44,sell,1.0,
11668305,ETH-14946445,1586132765976,3,144.35,ETH-PERPETUAL,144.44,sell,800.0,
11668306,ETH-14946446,1586132765992,3,144.35,ETH-PERPETUAL,144.44,sell,800.0,
11668307,ETH-14946447,1586132766150,2,144.3,ETH-PERPETUAL,144.44,sell,724.0,
11668308,ETH-14946448,1586132766150,3,144.3,ETH-PERPETUAL,144.44,sell,499.0,
11668309,ETH-14946449,1586132766150,3,144.3,ETH-PERPETUAL,144.44,sell,4534.0,
11668310,ETH-14946450,1586132766150,3,144.3,ETH-PERPETUAL,144.44,sell,800.0,
11668311,ETH-14946452,1586132766427,2,144.25,ETH-PERPETUAL,144.44,sell,12250.0,
11668312,ETH-14946453,1586132766427,3,144.25,ETH-PERPETUAL,144.44,sell,800.0,
11668313,ETH-14946454,1586132766427,3,144.25,ETH-PERPETUAL,144.44,sell,235.0,
11668314,ETH-14946456,1586132766542,3,144.25,ETH-PERPETUAL,144.44,sell,419.0,
11668315,ETH-14946457,1586132766542,3,144.25,ETH-PERPETUAL,144.44,sell,2.0,
11668316,ETH-14946460,1586132766860,2,144.2,ETH-PERPETUAL,144.34,sell,1118.0,
11668317,ETH-14946461,1586132766866,3,144.2,ETH-PERPETUAL,144.34,sell,1882.0,
11668318,ETH-14946462,1586132766866,3,144.2,ETH-PERPETUAL,144.34,sell,1647.0,
11668319,ETH-14946463,1586132766868,3,144.2,ETH-PERPETUAL,144.34,sell,2363.0,
11668320,ETH-14946465,1586132769717,0,144.25,ETH-PERPETUAL,144.33,buy,4.0,
11668321,ETH-14946466,1586132775613,0,144.35,ETH-PERPETUAL,144.34,buy,16.0,
11668322,ETH-14946467,1586132781124,1,144.35,ETH-PERPETUAL,144.34,sell,2.0,
11668323,ETH-14946468,1586132785908,1,144.35,ETH-PERPETUAL,144.35,sell,460.0,
11668324,ETH-14946469,1586132787990,1,144.35,ETH-PERPETUAL,144.36,buy,120.0,
11668325,ETH-14946470,1586132792774,1,144.35,ETH-PERPETUAL,144.38,sell,25.0,
11668326,ETH-14946471,1586132794579,2,144.3,ETH-PERPETUAL,144.35,sell,50.0,
11668327,ETH-14946472,1586132794579,3,144.3,ETH-PERPETUAL,144.35,sell,10.0,
11668328,ETH-14946473,1586132796972,2,144.2,ETH-PERPETUAL,144.28,sell,3000.0,
11668329,ETH-14946474,1586132796972,3,144.2,ETH-PERPETUAL,144.28,sell,1320.0,
11668330,ETH-14946476,1586132804437,2,144.15,ETH-PERPETUAL,144.13,buy,25.0,
11668331,ETH-14946477,1586132804437,3,144.15,ETH-PERPETUAL,144.13,buy,3.0,
11668332,ETH-14946478,1586132804507,3,144.15,ETH-PERPETUAL,144.13,sell,25.0,
11668333,ETH-14946479,1586132816860,0,144.2,ETH-PERPETUAL,144.2,buy,57.0,
11668334,ETH-14946480,1586132816860,1,144.2,ETH-PERPETUAL,144.2,buy,317.0,
11668335,ETH-14946481,1586132816873,1,144.2,ETH-PERPETUAL,144.2,buy,981.0,
11668336,ETH-14946482,1586132816873,1,144.2,ETH-PERPETUAL,144.2,buy,23.0,
11668337,ETH-14946484,1586132833630,0,144.25,ETH-PERPETUAL,144.33,sell,2.0,
11668338,ETH-14946485,1586132833630,1,144.25,ETH-PERPETUAL,144.33,sell,4.0,
11668339,ETH-14946486,1586132836632,2,144.1,ETH-PERPETUAL,144.24,sell,2.0,
11668340,ETH-14946487,1586132836632,3,144.1,ETH-PERPETUAL,144.24,sell,1832.0,
11668341,ETH-14946488,1586132836632,3,144.1,ETH-PERPETUAL,144.24,sell,3.0,
11668342,ETH-14946489,1586132836713,2,144.05,ETH-PERPETUAL,144.24,sell,110.0,
11668343,ETH-14946492,1586132841444,0,144.2,ETH-PERPETUAL,144.22,sell,30.0,
11668344,ETH-14946493,1586132844092,1,144.2,ETH-PERPETUAL,144.22,sell,70.0,
11668345,ETH-14946494,1586132844092,1,144.2,ETH-PERPETUAL,144.22,sell,3930.0,
11668346,ETH-14946495,1586132849317,1,144.2,ETH-PERPETUAL,144.23,sell,361.0,
11668347,ETH-14946496,1586132856101,1,144.2,ETH-PERPETUAL,144.31,sell,2.0,
11668348,ETH-14946497,1586132865049,2,144.1,ETH-PERPETUAL,144.2,sell,140.0,
11668349,ETH-14946498,1586132865049,3,144.1,ETH-PERPETUAL,144.2,sell,6800.0,
11668350,ETH-14946499,1586132865049,3,144.1,ETH-PERPETUAL,144.2,sell,2.0,
11668351,ETH-14946500,1586132865049,3,144.1,ETH-PERPETUAL,144.2,sell,1.0,
11668352,ETH-14946501,1586132865049,3,144.1,ETH-PERPETUAL,144.2,sell,200.0,
11668353,ETH-14946502,1586132865049,2,144.05,ETH-PERPETUAL,144.2,sell,1160.0,
11668354,ETH-14946503,1586132877519,0,144.1,ETH-PERPETUAL,144.19,sell,100.0,
11668355,ETH-14946504,1586132880835,1,144.1,ETH-PERPETUAL,144.17,buy,123.0,
11668356,ETH-14946505,1586132881265,0,144.15,ETH-PERPETUAL,144.17,buy,1.0,
11668357,ETH-14946506,1586132881265,1,144.15,ETH-PERPETUAL,144.17,buy,3.0,
11668358,ETH-14946507,1586132881265,1,144.15,ETH-PERPETUAL,144.17,buy,2.0,
11668359,ETH-14946508,1586132881265,1,144.15,ETH-PERPETUAL,144.17,buy,4.0,
11668360,ETH-14946509,1586132882696,0,144.2,ETH-PERPETUAL,144.23,sell,1050.0,
11668361,ETH-14946510,1586132901462,2,144.15,ETH-PERPETUAL,144.24,buy,80.0,
11668362,ETH-14946512,1586132901941,3,144.15,ETH-PERPETUAL,144.2,buy,20.0,
11668363,ETH-14946513,1586132901941,3,144.15,ETH-PERPETUAL,144.2,buy,10.0,
11668364,ETH-14946514,1586132905051,2,144.1,ETH-PERPETUAL,144.15,buy,2.0,
11668365,ETH-14946515,1586132938525,0,144.15,ETH-PERPETUAL,144.24,sell,28.0,
11668366,ETH-14946516,1586132955060,0,144.2,ETH-PERPETUAL,144.25,buy,1.0,
11668367,ETH-14946517,1586132955060,1,144.2,ETH-PERPETUAL,144.25,buy,2.0,
11668368,ETH-14946518,1586132955060,1,144.2,ETH-PERPETUAL,144.25,buy,10.0,
11668369,ETH-14946519,1586132961860,0,144.25,ETH-PERPETUAL,144.31,buy,20.0,
11668370,ETH-14946520,1586132982442,1,144.25,ETH-PERPETUAL,144.34,sell,800.0,
11668371,ETH-14946521,1586132982463,1,144.25,ETH-PERPETUAL,144.34,sell,800.0,
11668372,ETH-14946522,1586132982492,1,144.25,ETH-PERPETUAL,144.34,sell,800.0,
11668373,ETH-14946523,1586132982557,1,144.25,ETH-PERPETUAL,144.34,sell,800.0,
11668374,ETH-14946524,1586132983101,2,144.2,ETH-PERPETUAL,144.34,sell,50.0,
11668375,ETH-14946525,1586132983101,3,144.2,ETH-PERPETUAL,144.34,sell,10.0,
11668376,ETH-14946526,1586132983544,2,144.15,ETH-PERPETUAL,144.28,sell,566.0,
11668377,ETH-14946527,1586132983544,3,144.15,ETH-PERPETUAL,144.28,sell,605.0,
11668378,ETH-14946528,1586132983597,3,144.15,ETH-PERPETUAL,144.28,sell,129.0,
11668379,ETH-14946529,1586132983685,3,144.15,ETH-PERPETUAL,144.28,sell,1175.0,
11668380,ETH-14946530,1586132983692,3,144.15,ETH-PERPETUAL,144.28,sell,775.0,
11668381,ETH-14946531,1586132983817,3,144.15,ETH-PERPETUAL,144.28,sell,813.0,
11668382,ETH-14946532,1586132984706,3,144.15,ETH-PERPETUAL,144.25,sell,9.0,
11668383,ETH-14946533,1586132984706,2,144.1,ETH-PERPETUAL,144.25,sell,350.0,
11668384,ETH-14946534,1586132984706,3,144.1,ETH-PERPETUAL,144.25,sell,784.0,
11668385,ETH-14946535,1586132984746,0,144.15,ETH-PERPETUAL,144.25,sell,1864.0,
11668386,ETH-14946536,1586132992580,2,144.1,ETH-PERPETUAL,144.16,buy,6.0,
11668387,ETH-14946537,1586132996311,2,144.05,ETH-PERPETUAL,144.17,sell,1.0,
11668388,ETH-14946538,1586132996311,3,144.05,ETH-PERPETUAL,144.17,sell,124.0,
11668389,ETH-14946539,1586132996311,3,144.05,ETH-PERPETUAL,144.17,sell,7764.0,
11668390,ETH-14946540,1586132998265,0,144.1,ETH-PERPETUAL,144.17,buy,6.0,
11668391,ETH-14946541,1586133020133,1,144.1,ETH-PERPETUAL,144.16,sell,1009.0,
11668392,ETH-14946542,1586133029927,2,144.05,ETH-PERPETUAL,144.13,sell,40.0,
11668393,ETH-14946543,1586133029927,3,144.05,ETH-PERPETUAL,144.13,sell,20.0,
11668394,ETH-14946544,1586133029927,3,144.05,ETH-PERPETUAL,144.13,sell,20.0,
11668395,ETH-14946545,1586133031318,2,144.0,ETH-PERPETUAL,144.1,sell,1.0,
11668396,ETH-14946546,1586133031318,3,144.0,ETH-PERPETUAL,144.1,sell,1.0,
11668397,ETH-14946547,1586133031318,3,144.0,ETH-PERPETUAL,144.1,sell,3500.0,
11668398,ETH-14946548,1586133031318,2,143.95,ETH-PERPETUAL,144.1,sell,97.0,
11668399,ETH-14946549,1586133035274,3,143.95,ETH-PERPETUAL,144.07,sell,1.0,
11668400,ETH-14946550,1586133040124,3,143.95,ETH-PERPETUAL,144.02,buy,2.0,
11668401,ETH-14946551,1586133040124,3,143.95,ETH-PERPETUAL,144.02,buy,1008.0,
11668402,ETH-14946552,1586133040124,3,143.95,ETH-PERPETUAL,144.02,buy,3.0,
11668403,ETH-14946553,1586133041286,3,143.95,ETH-PERPETUAL,144.02,sell,5731.0,
11668404,ETH-14946554,1586133043993,3,143.95,ETH-PERPETUAL,144.02,sell,800.0,
11668405,ETH-14946555,1586133043993,3,143.95,ETH-PERPETUAL,144.02,sell,100.0,
11668406,ETH-14946556,1586133047346,3,143.95,ETH-PERPETUAL,144.01,buy,6.0,
11668407,ETH-14946557,1586133050198,2,143.9,ETH-PERPETUAL,144.0,sell,1.0,
11668408,ETH-14946558,1586133050198,3,143.9,ETH-PERPETUAL,144.0,sell,1.0,
11668409,ETH-14946559,1586133053823,3,143.9,ETH-PERPETUAL,143.97,buy,1.0,
11668410,ETH-14946560,1586133058726,3,143.9,ETH-PERPETUAL,143.92,buy,100.0,
11668411,ETH-14946561,1586133058726,3,143.9,ETH-PERPETUAL,143.92,buy,13.0,
11668412,ETH-14946562,1586133058726,3,143.9,ETH-PERPETUAL,143.92,buy,1435.0,
11668413,ETH-14946564,1586133064258,0,144.1,ETH-PERPETUAL,144.08,buy,4.0,
11668414,ETH-14946566,1586133070727,1,144.1,ETH-PERPETUAL,144.14,sell,100.0,
11668415,ETH-14946567,1586133071760,2,144.05,ETH-PERPETUAL,144.13,buy,10.0,
11668416,ETH-14946568,1586133075302,2,144.0,ETH-PERPETUAL,144.06,buy,90.0,
11668417,ETH-14946569,1586133075570,0,144.05,ETH-PERPETUAL,144.06,buy,137.0,
11668418,ETH-14946570,1586133075570,1,144.05,ETH-PERPETUAL,144.06,buy,137.0,
11668419,ETH-14946571,1586133075883,1,144.05,ETH-PERPETUAL,144.06,sell,127.0,
11668420,ETH-14946572,1586133075883,1,144.05,ETH-PERPETUAL,144.06,sell,7864.0,
11668421,ETH-14946573,1586133084899,0,144.15,ETH-PERPETUAL,144.16,buy,1.0,
11668422,ETH-14946574,1586133088910,0,144.2,ETH-PERPETUAL,144.22,buy,2.0,
11668423,ETH-14946575,1586133090792,1,144.2,ETH-PERPETUAL,144.25,sell,800.0,
11668424,ETH-14946576,1586133090792,1,144.2,ETH-PERPETUAL,144.25,sell,1.0,
11668425,ETH-14946577,1586133090806,1,144.2,ETH-PERPETUAL,144.25,sell,100.0,
11668426,ETH-14946580,1586133094406,0,144.25,ETH-PERPETUAL,144.25,buy,2.0,
11668427,ETH-14946581,1586133094406,1,144.25,ETH-PERPETUAL,144.25,buy,86.0,
11668428,ETH-14946582,1586133102127,2,144.2,ETH-PERPETUAL,144.25,sell,2.0,
11668429,ETH-14946583,1586133102127,3,144.2,ETH-PERPETUAL,144.25,sell,3.0,
11668430,ETH-14946584,1586133103336,2,144.15,ETH-PERPETUAL,144.23,sell,431.0,
11668431,ETH-14946585,1586133107403,3,144.15,ETH-PERPETUAL,144.23,sell,5.0,
11668432,ETH-14946586,1586133110995,3,144.15,ETH-PERPETUAL,144.2,sell,1.0,
11668433,ETH-14946587,1586133112309,2,144.1,ETH-PERPETUAL,144.16,sell,2.0,
11668434,ETH-14946588,1586133112309,2,144.05,ETH-PERPETUAL,144.16,sell,142.0,
11668435,ETH-14946589,1586133112309,3,144.05,ETH-PERPETUAL,144.16,sell,1440.0,
11668436,ETH-14946590,1586133112309,2,144.0,ETH-PERPETUAL,144.16,sell,20.0,
11668437,ETH-14946591,1586133112309,3,144.0,ETH-PERPETUAL,144.16,sell,40.0,
11668438,ETH-14946592,1586133112309,3,144.0,ETH-PERPETUAL,144.16,sell,254.0,
11668439,ETH-14946593,1586133117708,3,144.0,ETH-PERPETUAL,144.07,sell,2.0,
11668440,ETH-14946594,1586133124886,3,144.0,ETH-PERPETUAL,144.06,buy,270.0,
11668441,ETH-14946595,1586133124886,3,144.0,ETH-PERPETUAL,144.06,buy,5.0,
11668442,ETH-14946596,1586133128946,0,144.05,ETH-PERPETUAL,144.09,buy,50.0,
11668443,ETH-14946597,1586133128946,1,144.05,ETH-PERPETUAL,144.09,buy,3.0,
11668444,ETH-14946598,1586133134035,1,144.05,ETH-PERPETUAL,144.1,sell,4500.0,
11668445,ETH-14946599,1586133134035,1,144.05,ETH-PERPETUAL,144.1,sell,1440.0,
11668446,ETH-14946600,1586133134035,2,144.0,ETH-PERPETUAL,144.1,sell,800.0,
11668447,ETH-14946601,1586133134035,3,144.0,ETH-PERPETUAL,144.1,sell,1854.0,
11668448,ETH-14946602,1586133142216,3,144.0,ETH-PERPETUAL,144.07,sell,1646.0,
11668449,ETH-14946603,1586133142216,3,144.0,ETH-PERPETUAL,144.07,sell,653.0,
11668450,ETH-14946604,1586133146453,3,144.0,ETH-PERPETUAL,144.06,sell,1370.0,
11668451,ETH-14946605,1586133147790,3,144.0,ETH-PERPETUAL,144.06,sell,1430.0,
11668452,ETH-14946606,1586133148910,3,144.0,ETH-PERPETUAL,144.06,sell,900.0,
11668453,ETH-14946607,1586133148910,3,144.0,ETH-PERPETUAL,144.06,sell,1700.0,
11668454,ETH-14946608,1586133150905,2,143.95,ETH-PERPETUAL,144.05,sell,1.0,
11668455,ETH-14946609,1586133150905,3,143.95,ETH-PERPETUAL,144.05,sell,20.0,
11668456,ETH-14946610,1586133150905,3,143.95,ETH-PERPETUAL,144.05,sell,50.0,
11668457,ETH-14946611,1586133150905,3,143.95,ETH-PERPETUAL,144.05,sell,20.0,
11668458,ETH-14946612,1586133151973,2,143.9,ETH-PERPETUAL,144.02,sell,800.0,
11668459,ETH-14946614,1586133152012,2,143.85,ETH-PERPETUAL,144.02,sell,800.0,
11668460,ETH-14946615,1586133152410,2,143.8,ETH-PERPETUAL,144.02,sell,3000.0,
11668461,ETH-14946616,1586133152410,3,143.8,ETH-PERPETUAL,144.02,sell,1.0,
11668462,ETH-14946617,1586133152410,3,143.8,ETH-PERPETUAL,144.02,sell,20000.0,
11668463,ETH-14946618,1586133152410,3,143.8,ETH-PERPETUAL,144.02,sell,250.0,
11668464,ETH-14946619,1586133152410,3,143.8,ETH-PERPETUAL,144.02,sell,3911.0,
11668465,ETH-14946620,1586133152410,3,143.8,ETH-PERPETUAL,144.02,sell,800.0,
11668466,ETH-14946621,1586133152478,3,143.8,ETH-PERPETUAL,143.95,sell,800.0,
11668467,ETH-14946623,1586133152699,2,143.75,ETH-PERPETUAL,143.95,sell,3.0,
11668468,ETH-14946624,1586133152699,3,143.75,ETH-PERPETUAL,143.95,sell,2500.0,
11668469,ETH-14946625,1586133152699,3,143.75,ETH-PERPETUAL,143.95,sell,800.0,
11668470,ETH-14946626,1586133152772,3,143.75,ETH-PERPETUAL,143.95,sell,800.0,
11668471,ETH-14946627,1586133152997,3,143.75,ETH-PERPETUAL,143.95,sell,800.0,
11668472,ETH-14946628,1586133153116,2,143.7,ETH-PERPETUAL,143.95,sell,5000.0,
11668473,ETH-14946629,1586133153297,3,143.7,ETH-PERPETUAL,143.95,sell,1191.0,
11668474,ETH-14946630,1586133153511,3,143.7,ETH-PERPETUAL,143.93,sell,800.0,
11668475,ETH-14946631,1586133153511,3,143.7,ETH-PERPETUAL,143.93,sell,12.0,
11668476,ETH-14946632,1586133153554,3,143.7,ETH-PERPETUAL,143.93,sell,800.0,
11668477,ETH-14946633,1586133153616,3,143.7,ETH-PERPETUAL,143.93,sell,800.0,
11668478,ETH-14946634,1586133153616,3,143.7,ETH-PERPETUAL,143.93,sell,300.0,
11668479,ETH-14946635,1586133154653,3,143.7,ETH-PERPETUAL,143.9,sell,1.0,
11668480,ETH-14946636,1586133154846,3,143.7,ETH-PERPETUAL,143.9,buy,1.0,
11668481,ETH-14946637,1586133154846,3,143.7,ETH-PERPETUAL,143.9,buy,100.0,
11668482,ETH-14946638,1586133154846,3,143.7,ETH-PERPETUAL,143.9,buy,1654.0,
11668483,ETH-14946639,1586133155366,2,143.65,ETH-PERPETUAL,143.9,sell,30.0,
11668484,ETH-14946640,1586133155550,3,143.65,ETH-PERPETUAL,143.85,buy,1755.0,
11668485,ETH-14946641,1586133156290,3,143.65,ETH-PERPETUAL,143.85,sell,1755.0,
11668486,ETH-14946642,1586133157493,3,143.65,ETH-PERPETUAL,143.74,buy,900.0,
11668487,ETH-14946643,1586133157493,3,143.65,ETH-PERPETUAL,143.74,buy,2100.0,
11668488,ETH-14946644,1586133157731,2,143.6,ETH-PERPETUAL,143.74,sell,136.0,
11668489,ETH-14946645,1586133157990,2,143.55,ETH-PERPETUAL,143.74,sell,5.0,
11668490,ETH-14946646,1586133157990,3,143.55,ETH-PERPETUAL,143.74,sell,220.0,
11668491,ETH-14946647,1586133157990,3,143.55,ETH-PERPETUAL,143.74,sell,25.0,
11668492,ETH-14946648,1586133158458,3,143.55,ETH-PERPETUAL,143.74,sell,25.0,
11668493,ETH-14946649,1586133158458,3,143.55,ETH-PERPETUAL,143.74,sell,1.0,
11668494,ETH-14946651,1586133158965,0,143.6,ETH-PERPETUAL,143.72,sell,2200.0,
11668495,ETH-14946654,1586133160143,1,143.6,ETH-PERPETUAL,143.71,sell,17.0,
11668496,ETH-14946655,1586133160143,1,143.6,ETH-PERPETUAL,143.71,sell,1700.0,
11668497,ETH-14946656,1586133160143,1,143.6,ETH-PERPETUAL,143.71,sell,100.0,
11668498,ETH-14946657,1586133160143,1,143.6,ETH-PERPETUAL,143.71,sell,800.0,
11668499,ETH-14946658,1586133160143,1,143.6,ETH-PERPETUAL,143.71,sell,846.0,
11668500,ETH-14946659,1586133160143,2,143.5,ETH-PERPETUAL,143.71,sell,250.0,
11668501,ETH-14946660,1586133160143,3,143.5,ETH-PERPETUAL,143.71,sell,6287.0,
11668502,ETH-14946661,1586133160152,3,143.5,ETH-PERPETUAL,143.71,sell,750.0,
11668503,ETH-14946662,1586133161415,0,143.7,ETH-PERPETUAL,143.72,buy,1.0,
11668504,ETH-14946664,1586133161737,1,143.7,ETH-PERPETUAL,143.76,sell,50.0,
11668505,ETH-14946665,1586133161895,0,143.75,ETH-PERPETUAL,143.76,buy,31.0,
11668506,ETH-14946666,1586133161969,1,143.75,ETH-PERPETUAL,143.76,sell,950.0,
11668507,ETH-14946668,1586133163390,2,143.7,ETH-PERPETUAL,143.77,sell,1.0,
11668508,ETH-14946669,1586133164197,2,143.65,ETH-PERPETUAL,143.75,sell,800.0,
11668509,ETH-14946670,1586133164294,3,143.65,ETH-PERPETUAL,143.75,sell,800.0,
11668510,ETH-14946674,1586133168179,3,143.65,ETH-PERPETUAL,143.7,buy,100.0,
11668511,ETH-14946675,1586133168179,3,143.65,ETH-PERPETUAL,143.7,buy,19.0,
11668512,ETH-14946676,1586133168179,3,143.65,ETH-PERPETUAL,143.7,buy,1.0,
11668513,ETH-14946677,1586133168179,3,143.65,ETH-PERPETUAL,143.7,buy,125.0,
11668514,ETH-14946678,1586133168511,0,143.7,ETH-PERPETUAL,143.7,buy,1594.0,
11668515,ETH-14946679,1586133168519,1,143.7,ETH-PERPETUAL,143.7,buy,1406.0,
11668516,ETH-14946681,1586133168888,0,143.75,ETH-PERPETUAL,143.75,sell,100.0,
11668517,ETH-14946682,1586133169278,1,143.75,ETH-PERPETUAL,143.75,sell,2900.0,
11668518,ETH-14946683,1586133169278,2,143.7,ETH-PERPETUAL,143.75,sell,2066.0,
11668519,ETH-14946684,1586133169957,0,143.75,ETH-PERPETUAL,143.75,sell,1.0,
11668520,ETH-14946685,1586133169957,1,143.75,ETH-PERPETUAL,143.75,sell,2600.0,
11668521,ETH-14946686,1586133169957,1,143.75,ETH-PERPETUAL,143.75,sell,800.0,
11668522,ETH-14946687,1586133173779,1,143.75,ETH-PERPETUAL,143.75,buy,1.0,
11668523,ETH-14946688,1586133173779,1,143.75,ETH-PERPETUAL,143.75,buy,17.0,
11668524,ETH-14946689,1586133178960,1,143.75,ETH-PERPETUAL,143.78,sell,50.0,
11668525,ETH-14946690,1586133179994,1,143.75,ETH-PERPETUAL,143.78,sell,750.0,
11668526,ETH-14946691,1586133183752,2,143.7,ETH-PERPETUAL,143.76,sell,1.0,
11668527,ETH-14946692,1586133183752,3,143.7,ETH-PERPETUAL,143.76,sell,4300.0,
11668528,ETH-14946693,1586133183752,2,143.65,ETH-PERPETUAL,143.76,sell,800.0,
11668529,ETH-14946694,1586133183752,3,143.65,ETH-PERPETUAL,143.76,sell,108.0,
11668530,ETH-14946695,1586133183752,2,143.6,ETH-PERPETUAL,143.76,sell,1755.0,
11668531,ETH-14946696,1586133183752,3,143.6,ETH-PERPETUAL,143.76,sell,876.0,
11668532,ETH-14946697,1586133189170,0,143.7,ETH-PERPETUAL,143.77,buy,1.0,
11668533,ETH-14946698,1586133195577,1,143.7,ETH-PERPETUAL,143.75,sell,1.0,
11668534,ETH-14946699,1586133197562,2,143.65,ETH-PERPETUAL,143.75,sell,1.0,
11668535,ETH-14946700,1586133204004,2,143.6,ETH-PERPETUAL,143.7,sell,1.0,
11668536,ETH-14946701,1586133204004,3,143.6,ETH-PERPETUAL,143.7,sell,10.0,
11668537,ETH-14946702,1586133204004,3,143.6,ETH-PERPETUAL,143.7,sell,40.0,
11668538,ETH-14946703,1586133204004,3,143.6,ETH-PERPETUAL,143.7,sell,10.0,
11668539,ETH-14946704,1586133205654,2,143.5,ETH-PERPETUAL,143.67,sell,800.0,
11668540,ETH-14946705,1586133205654,3,143.5,ETH-PERPETUAL,143.67,sell,500.0,
11668541,ETH-14946706,1586133206575,0,143.55,ETH-PERPETUAL,143.67,buy,8.0,
11668542,ETH-14946707,1586133211000,0,143.65,ETH-PERPETUAL,143.7,buy,15.0,
11668543,ETH-14946708,1586133216048,0,143.7,ETH-PERPETUAL,143.77,buy,1.0,
11668544,ETH-14946709,1586133216048,1,143.7,ETH-PERPETUAL,143.77,buy,8.0,
11668545,ETH-14946710,1586133217560,0,143.75,ETH-PERPETUAL,143.77,sell,1.0,
11668546,ETH-14946711,1586133217684,2,143.7,ETH-PERPETUAL,143.77,sell,800.0,
11668547,ETH-14946712,1586133217707,3,143.7,ETH-PERPETUAL,143.77,sell,800.0,
11668548,ETH-14946713,1586133217724,3,143.7,ETH-PERPETUAL,143.77,sell,800.0,
11668549,ETH-14946714,1586133217745,3,143.7,ETH-PERPETUAL,143.77,sell,800.0,
11668550,ETH-14946715,1586133219990,2,143.6,ETH-PERPETUAL,143.71,sell,4.0,
11668551,ETH-14946716,1586133219990,3,143.6,ETH-PERPETUAL,143.71,sell,1617.0,
11668552,ETH-14946717,1586133234341,2,143.55,ETH-PERPETUAL,143.69,sell,2499.0,
11668553,ETH-14946718,1586133242856,0,143.6,ETH-PERPETUAL,143.66,buy,3.0,
11668554,ETH-14946719,1586133242856,1,143.6,ETH-PERPETUAL,143.66,buy,2.0,
11668555,ETH-14946720,1586133245123,1,143.6,ETH-PERPETUAL,143.68,buy,8.0,
11668556,ETH-14946721,1586133251721,0,143.65,ETH-PERPETUAL,143.7,buy,26.0,
11668557,ETH-14946722,1586133252826,1,143.65,ETH-PERPETUAL,143.72,buy,1.0,
11668558,ETH-14946723,1586133256312,0,143.7,ETH-PERPETUAL,143.75,buy,5.0,
11668559,ETH-14946724,1586133289959,1,143.7,ETH-PERPETUAL,143.76,buy,1.0,
11668560,ETH-14946725,1586133289959,1,143.7,ETH-PERPETUAL,143.76,buy,1.0,
11668561,ETH-14946726,1586133289959,1,143.7,ETH-PERPETUAL,143.76,buy,3.0,
11668562,ETH-14946727,1586133318366,1,143.7,ETH-PERPETUAL,143.72,buy,30.0,
11668563,ETH-14946728,1586133347791,0,143.75,ETH-PERPETUAL,143.76,buy,1.0,
11668564,ETH-14946729,1586133351411,0,143.8,ETH-PERPETUAL,143.82,buy,4.0,
11668565,ETH-14946730,1586133351411,1,143.8,ETH-PERPETUAL,143.82,buy,1.0,
11668566,ETH-14946732,1586133353245,0,143.85,ETH-PERPETUAL,143.86,buy,1.0,
11668567,ETH-14946733,1586133359382,1,143.85,ETH-PERPETUAL,143.89,sell,1.0,
11668568,ETH-14946734,1586133359382,1,143.85,ETH-PERPETUAL,143.89,sell,2.0,
11668569,ETH-14946735,1586133359382,1,143.85,ETH-PERPETUAL,143.89,sell,800.0,
11668570,ETH-14946736,1586133359382,1,143.85,ETH-PERPETUAL,143.89,sell,2.0,
11668571,ETH-14946738,1586133365444,2,143.8,ETH-PERPETUAL,143.86,sell,1.0,
11668572,ETH-14946739,1586133365444,3,143.8,ETH-PERPETUAL,143.86,sell,5.0,
11668573,ETH-14946740,1586133365796,2,143.75,ETH-PERPETUAL,143.86,buy,805.0,
11668574,ETH-14946741,1586133366006,3,143.75,ETH-PERPETUAL,143.84,buy,3500.0,
11668575,ETH-14946742,1586133366006,3,143.75,ETH-PERPETUAL,143.84,buy,70.0,
11668576,ETH-14946743,1586133372134,0,143.85,ETH-PERPETUAL,143.86,buy,50.0,
11668577,ETH-14946744,1586133393021,2,143.8,ETH-PERPETUAL,143.85,sell,3.0,
11668578,ETH-14946745,1586133393021,3,143.8,ETH-PERPETUAL,143.85,sell,3.0,
11668579,ETH-14946746,1586133393021,3,143.8,ETH-PERPETUAL,143.85,sell,60.0,
11668580,ETH-14946747,1586133393021,3,143.8,ETH-PERPETUAL,143.85,sell,130.0,
11668581,ETH-14946748,1586133393021,3,143.8,ETH-PERPETUAL,143.85,sell,4.0,
11668582,ETH-14946749,1586133393023,3,143.8,ETH-PERPETUAL,143.85,sell,36.0,
11668583,ETH-14946750,1586133394071,2,143.65,ETH-PERPETUAL,143.83,sell,130.0,
11668584,ETH-14946751,1586133394071,3,143.65,ETH-PERPETUAL,143.83,sell,4.0,
11668585,ETH-14946752,1586133394071,3,143.65,ETH-PERPETUAL,143.83,sell,143.0,
11668586,ETH-14946753,1586133394071,3,143.65,ETH-PERPETUAL,143.83,sell,800.0,
11668587,ETH-14946754,1586133394101,3,143.65,ETH-PERPETUAL,143.83,buy,4091.0,
11668588,ETH-14946755,1586133394150,3,143.65,ETH-PERPETUAL,143.83,buy,417.0,
11668589,ETH-14946756,1586133394635,0,143.8,ETH-PERPETUAL,143.83,buy,1636.0,
11668590,ETH-14946757,1586133426718,2,143.75,ETH-PERPETUAL,143.8,buy,4.0,
11668591,ETH-14946758,1586133426718,0,143.8,ETH-PERPETUAL,143.8,buy,1.0,
11668592,ETH-14946759,1586133426718,1,143.8,ETH-PERPETUAL,143.8,buy,5.0,
11668593,ETH-14946760,1586133427743,1,143.8,ETH-PERPETUAL,143.8,buy,10.0,
11668594,ETH-14946761,1586133453496,1,143.8,ETH-PERPETUAL,143.84,sell,1.0,
11668595,ETH-14946762,1586133453496,1,143.8,ETH-PERPETUAL,143.84,sell,720.0,
11668596,ETH-14946763,1586133460860,1,143.8,ETH-PERPETUAL,143.87,sell,57.0,
11668597,ETH-14946764,1586133475713,0,143.85,ETH-PERPETUAL,143.9,buy,1.0,
11668598,ETH-14946765,1586133475713,1,143.85,ETH-PERPETUAL,143.9,buy,1.0,
11668599,ETH-14946768,1586133490538,0,144.0,ETH-PERPETUAL,144.05,buy,2.0,
11668600,ETH-14946769,1586133490538,1,144.0,ETH-PERPETUAL,144.05,buy,1.0,
11668601,ETH-14946770,1586133490538,1,144.0,ETH-PERPETUAL,144.05,buy,86.0,
11668602,ETH-14946773,1586133491361,0,144.05,ETH-PERPETUAL,144.05,buy,1.0,
11668603,ETH-14946774,1586133491361,1,144.05,ETH-PERPETUAL,144.05,buy,50.0,
11668604,ETH-14946775,1586133491361,1,144.05,ETH-PERPETUAL,144.05,buy,50.0,
11668605,ETH-14946776,1586133491361,1,144.05,ETH-PERPETUAL,144.05,buy,1.0,
11668606,ETH-14946777,1586133494887,1,144.05,ETH-PERPETUAL,144.1,sell,14000.0,
11668607,ETH-14946778,1586133494889,1,144.05,ETH-PERPETUAL,144.1,sell,6000.0,
11668608,ETH-14946779,1586133494889,1,144.05,ETH-PERPETUAL,144.1,sell,800.0,
11668609,ETH-14946780,1586133494889,1,144.05,ETH-PERPETUAL,144.1,sell,100.0,
11668610,ETH-14946781,1586133495736,1,144.05,ETH-PERPETUAL,144.1,sell,800.0,
11668611,ETH-14946782,1586133500125,2,144.0,ETH-PERPETUAL,144.06,sell,1.0,
11668612,ETH-14946783,1586133500125,3,144.0,ETH-PERPETUAL,144.06,sell,9.0,
11668613,ETH-14946784,1586133533821,3,144.0,ETH-PERPETUAL,144.06,sell,10.0,
11668614,ETH-14946785,1586133533821,3,144.0,ETH-PERPETUAL,144.06,sell,3.0,
11668615,ETH-14946786,1586133543321,0,144.05,ETH-PERPETUAL,144.06,buy,1.0,
11668616,ETH-14946787,1586133543321,1,144.05,ETH-PERPETUAL,144.06,buy,1.0,
11668617,ETH-14946788,1586133543321,1,144.05,ETH-PERPETUAL,144.06,buy,3000.0,
11668618,ETH-14946789,1586133543321,1,144.05,ETH-PERPETUAL,144.06,buy,300.0,
11668619,ETH-14946790,1586133544719,0,144.1,ETH-PERPETUAL,144.11,buy,1.0,
11668620,ETH-14946791,1586133551806,0,144.15,ETH-PERPETUAL,144.15,buy,1.0,
11668621,ETH-14946792,1586133551806,1,144.15,ETH-PERPETUAL,144.15,buy,1.0,
11668622,ETH-14946793,1586133551806,1,144.15,ETH-PERPETUAL,144.15,buy,86.0,
11668623,ETH-14946794,1586133551806,1,144.15,ETH-PERPETUAL,144.15,buy,1.0,
11668624,ETH-14946796,1586133551878,0,144.2,ETH-PERPETUAL,144.15,buy,1.0,
11668625,ETH-14946797,1586133557889,1,144.2,ETH-PERPETUAL,144.25,sell,800.0,
11668626,ETH-14946798,1586133557889,1,144.2,ETH-PERPETUAL,144.25,sell,4.0,
11668627,ETH-14946799,1586133557909,1,144.2,ETH-PERPETUAL,144.25,sell,800.0,
11668628,ETH-14946800,1586133557925,1,144.2,ETH-PERPETUAL,144.25,sell,800.0,
11668629,ETH-14946801,1586133557950,1,144.2,ETH-PERPETUAL,144.25,sell,800.0,
11668630,ETH-14946802,1586133557972,1,144.2,ETH-PERPETUAL,144.25,sell,800.0,
11668631,ETH-14946803,1586133563474,2,144.15,ETH-PERPETUAL,144.2,sell,60.0,
11668632,ETH-14946804,1586133563474,3,144.15,ETH-PERPETUAL,144.2,sell,130.0,
11668633,ETH-14946805,1586133563474,3,144.15,ETH-PERPETUAL,144.2,sell,40.0,
11668634,ETH-14946806,1586133573877,0,144.2,ETH-PERPETUAL,144.23,buy,1.0,
11668635,ETH-14946807,1586133574502,1,144.2,ETH-PERPETUAL,144.26,sell,5000.0,
11668636,ETH-14946808,1586133577808,1,144.2,ETH-PERPETUAL,144.27,sell,11.0,
11668637,ETH-14946809,1586133598843,0,144.25,ETH-PERPETUAL,144.26,buy,1.0,
11668638,ETH-14946810,1586133598843,1,144.25,ETH-PERPETUAL,144.26,buy,1.0,
11668639,ETH-14946811,1586133598843,1,144.25,ETH-PERPETUAL,144.26,buy,300.0,
11668640,ETH-14946812,1586133598843,1,144.25,ETH-PERPETUAL,144.26,buy,86.0,
11668641,ETH-14946813,1586133607212,1,144.25,ETH-PERPETUAL,144.27,sell,2247.0,
11668642,ETH-14946814,1586133607223,1,144.25,ETH-PERPETUAL,144.27,sell,639.0,
11668643,ETH-14946815,1586133639534,2,144.2,ETH-PERPETUAL,144.25,sell,10.0,
11668644,ETH-14946816,1586133639534,3,144.2,ETH-PERPETUAL,144.25,sell,10.0,
11668645,ETH-14946817,1586133639534,3,144.2,ETH-PERPETUAL,144.25,sell,40.0,
11668646,ETH-14946818,1586133639534,3,144.2,ETH-PERPETUAL,144.25,sell,1804.0,
11668647,ETH-14946819,1586133639546,3,144.2,ETH-PERPETUAL,144.25,sell,1080.0,
11668648,ETH-14946820,1586133639546,3,144.2,ETH-PERPETUAL,144.25,sell,10.0,
11668649,ETH-14946822,1586133653943,2,144.15,ETH-PERPETUAL,144.21,sell,1.0,
11668650,ETH-14946823,1586133653943,3,144.15,ETH-PERPETUAL,144.21,sell,90.0,
11668651,ETH-14946824,1586133653943,2,144.1,ETH-PERPETUAL,144.21,sell,90.0,
11668652,ETH-14946825,1586133653943,3,144.1,ETH-PERPETUAL,144.21,sell,210.0,
11668653,ETH-14946826,1586133662651,0,144.25,ETH-PERPETUAL,144.24,buy,86.0,
11668654,ETH-14946827,1586133693247,0,144.3,ETH-PERPETUAL,144.28,buy,1.0,
11668655,ETH-14946828,1586133693247,1,144.3,ETH-PERPETUAL,144.28,buy,1.0,
11668656,ETH-14946829,1586133693247,1,144.3,ETH-PERPETUAL,144.28,buy,8.0,
11668657,ETH-14946830,1586133704884,1,144.3,ETH-PERPETUAL,144.3,buy,1.0,
11668658,ETH-14946831,1586133704884,1,144.3,ETH-PERPETUAL,144.3,buy,86.0,
11668659,ETH-14946832,1586133712454,0,144.35,ETH-PERPETUAL,144.37,buy,1.0,
11668660,ETH-14946833,1586133712454,1,144.35,ETH-PERPETUAL,144.37,buy,1.0,
11668661,ETH-14946834,1586133712454,1,144.35,ETH-PERPETUAL,144.37,buy,1.0,
11668662,ETH-14946835,1586133722157,0,144.4,ETH-PERPETUAL,144.4,buy,10.0,
11668663,ETH-14946836,1586133722157,1,144.4,ETH-PERPETUAL,144.4,buy,1.0,
11668664,ETH-14946837,1586133722157,1,144.4,ETH-PERPETUAL,144.4,buy,2.0,
11668665,ETH-14946838,1586133722157,1,144.4,ETH-PERPETUAL,144.4,buy,1.0,
11668666,ETH-14946839,1586133722157,1,144.4,ETH-PERPETUAL,144.4,buy,1.0,
11668667,ETH-14946840,1586133722157,1,144.4,ETH-PERPETUAL,144.4,buy,130.0,
11668668,ETH-14946842,1586133723812,0,144.45,ETH-PERPETUAL,144.43,buy,1.0,
11668669,ETH-14946843,1586133723812,1,144.45,ETH-PERPETUAL,144.43,buy,1.0,
11668670,ETH-14946844,1586133723812,1,144.45,ETH-PERPETUAL,144.43,buy,1.0,
11668671,ETH-14946845,1586133723917,1,144.45,ETH-PERPETUAL,144.43,buy,1.0,
11668672,ETH-14946852,1586133728789,0,144.5,ETH-PERPETUAL,144.5,buy,1.0,
11668673,ETH-14946853,1586133728789,1,144.5,ETH-PERPETUAL,144.5,buy,1.0,
11668674,ETH-14946854,1586133728789,1,144.5,ETH-PERPETUAL,144.5,buy,1.0,
11668675,ETH-14946855,1586133729890,1,144.5,ETH-PERPETUAL,144.52,sell,800.0,
11668676,ETH-14946856,1586133729959,1,144.5,ETH-PERPETUAL,144.52,sell,800.0,
11668677,ETH-14946857,1586133730002,1,144.5,ETH-PERPETUAL,144.52,sell,800.0,
11668678,ETH-14946858,1586133740230,2,144.45,ETH-PERPETUAL,144.46,sell,16.0,
11668679,ETH-14946859,1586133740230,3,144.45,ETH-PERPETUAL,144.46,sell,7.0,
11668680,ETH-14946860,1586133740230,3,144.45,ETH-PERPETUAL,144.46,sell,214.0,
11668681,ETH-14946862,1586133751760,2,144.4,ETH-PERPETUAL,144.41,sell,40.0,
11668682,ETH-14946863,1586133751760,3,144.4,ETH-PERPETUAL,144.41,sell,90.0,
11668683,ETH-14946864,1586133751760,3,144.4,ETH-PERPETUAL,144.41,sell,30.0,
11668684,ETH-14946865,1586133751760,3,144.4,ETH-PERPETUAL,144.41,sell,20.0,
11668685,ETH-14946866,1586133761700,2,144.35,ETH-PERPETUAL,144.37,sell,2887.0,
11668686,ETH-14946867,1586133761700,3,144.35,ETH-PERPETUAL,144.37,sell,13.0,
11668687,ETH-14946868,1586133769210,3,144.35,ETH-PERPETUAL,144.34,buy,100.0,
11668688,ETH-14946869,1586133784570,0,144.4,ETH-PERPETUAL,144.41,sell,9.0,
11668689,ETH-14946870,1586133784570,1,144.4,ETH-PERPETUAL,144.41,sell,3.0,
11668690,ETH-14946871,1586133785867,2,144.35,ETH-PERPETUAL,144.38,sell,1364.0,
11668691,ETH-14946872,1586133790698,3,144.35,ETH-PERPETUAL,144.36,sell,1.0,
11668692,ETH-14946873,1586133816604,3,144.35,ETH-PERPETUAL,144.34,buy,86.0,
11668693,ETH-14946876,1586133833028,0,144.4,ETH-PERPETUAL,144.44,sell,7.0,
11668694,ETH-14946877,1586133833028,1,144.4,ETH-PERPETUAL,144.44,sell,5.0,
11668695,ETH-14946878,1586133838576,2,144.35,ETH-PERPETUAL,144.39,sell,811.0,
11668696,ETH-14946879,1586133838961,3,144.35,ETH-PERPETUAL,144.39,sell,74.0,
11668697,ETH-14946880,1586133839113,3,144.35,ETH-PERPETUAL,144.39,sell,2002.0,
11668698,ETH-14946881,1586133839113,3,144.35,ETH-PERPETUAL,144.39,sell,15.0,
11668699,ETH-14946884,1586133883396,3,144.35,ETH-PERPETUAL,144.33,buy,1033.0,
11668700,ETH-14946885,1586133883517,3,144.35,ETH-PERPETUAL,144.33,buy,1.0,
11668701,ETH-14946886,1586133883517,3,144.35,ETH-PERPETUAL,144.33,buy,1.0,
11668702,ETH-14946887,1586133885825,3,144.35,ETH-PERPETUAL,144.38,sell,10.0,
11668703,ETH-14946888,1586133914146,0,144.4,ETH-PERPETUAL,144.38,buy,125.0,
11668704,ETH-14946889,1586133914146,1,144.4,ETH-PERPETUAL,144.38,buy,2100.0,
11668705,ETH-14946890,1586133914146,1,144.4,ETH-PERPETUAL,144.38,buy,1200.0,
11668706,ETH-14946891,1586133914146,1,144.4,ETH-PERPETUAL,144.38,buy,2700.0,
11668707,ETH-14946892,1586133915025,1,144.4,ETH-PERPETUAL,144.41,sell,90.0,
11668708,ETH-14946893,1586133915025,1,144.4,ETH-PERPETUAL,144.41,sell,670.0,
11668709,ETH-14946894,1586133922081,0,144.45,ETH-PERPETUAL,144.4,buy,3000.0,
11668710,ETH-14946897,1586133969737,2,144.4,ETH-PERPETUAL,144.45,sell,130.0,
11668711,ETH-14946898,1586133969737,3,144.4,ETH-PERPETUAL,144.45,sell,40.0,
11668712,ETH-14946899,1586133969737,3,144.4,ETH-PERPETUAL,144.45,sell,60.0,
11668713,ETH-14946900,1586133969737,3,144.4,ETH-PERPETUAL,144.45,sell,4.0,
11668714,ETH-14946901,1586133969737,3,144.4,ETH-PERPETUAL,144.45,sell,1210.0,
11668715,ETH-14946902,1586133969785,3,144.4,ETH-PERPETUAL,144.45,sell,560.0,
11668716,ETH-14946903,1586133974214,3,144.4,ETH-PERPETUAL,144.41,sell,2.0,
11668717,ETH-14946905,1586133978776,2,144.35,ETH-PERPETUAL,144.4,sell,30.0,
11668718,ETH-14946906,1586133978776,3,144.35,ETH-PERPETUAL,144.4,sell,2.0,
11668719,ETH-14946908,1586133983667,2,144.3,ETH-PERPETUAL,144.36,sell,1.0,
11668720,ETH-14946909,1586133983667,3,144.3,ETH-PERPETUAL,144.36,sell,30.0,
11668721,ETH-14946910,1586133983667,3,144.3,ETH-PERPETUAL,144.36,sell,2886.0,
11668722,ETH-14946911,1586133983667,3,144.3,ETH-PERPETUAL,144.36,sell,5.0,
11668723,ETH-14946913,1586133990299,2,144.25,ETH-PERPETUAL,144.31,sell,20.0,
11668724,ETH-14946914,1586133990299,3,144.25,ETH-PERPETUAL,144.31,sell,10.0,
11668725,ETH-14946915,1586133990299,3,144.25,ETH-PERPETUAL,144.31,sell,10.0,
11668726,ETH-14946916,1586133990299,3,144.25,ETH-PERPETUAL,144.31,sell,40.0,
11668727,ETH-14946917,1586133990299,3,144.25,ETH-PERPETUAL,144.31,sell,1.0,
11668728,ETH-14946920,1586133996272,2,144.2,ETH-PERPETUAL,144.27,sell,1.0,
11668729,ETH-14946921,1586133996272,3,144.2,ETH-PERPETUAL,144.27,sell,1.0,
11668730,ETH-14946924,1586134012868,0,144.25,ETH-PERPETUAL,144.28,buy,13.0,
11668731,ETH-14946926,1586134013494,0,144.3,ETH-PERPETUAL,144.3,buy,57.0,
11668732,ETH-14946927,1586134013494,1,144.3,ETH-PERPETUAL,144.3,buy,3000.0,
11668733,ETH-14946928,1586134031457,1,144.3,ETH-PERPETUAL,144.32,sell,394.0,
11668734,ETH-14946929,1586134031457,1,144.3,ETH-PERPETUAL,144.32,sell,636.0,
11668735,ETH-14946930,1586134031496,1,144.3,ETH-PERPETUAL,144.32,sell,2250.0,
11668736,ETH-14946931,1586134035438,2,144.25,ETH-PERPETUAL,144.28,sell,1.0,
11668737,ETH-14946932,1586134035438,3,144.25,ETH-PERPETUAL,144.28,sell,1.0,
11668738,ETH-14946933,1586134035438,2,144.2,ETH-PERPETUAL,144.28,sell,1.0,
11668739,ETH-14946934,1586134035438,3,144.2,ETH-PERPETUAL,144.28,sell,1.0,
11668740,ETH-14946935,1586134035438,3,144.2,ETH-PERPETUAL,144.28,sell,129.0,
11668741,ETH-14946936,1586134035438,3,144.2,ETH-PERPETUAL,144.28,sell,486.0,
11668742,ETH-14946937,1586134047839,3,144.2,ETH-PERPETUAL,144.26,buy,4.0,
11668743,ETH-14946939,1586134074118,0,144.3,ETH-PERPETUAL,144.31,buy,6.0,
