trade_seq,trade_id,timestamp,tick_direction,price,instrument_name,index_price,direction,amount,liquidation
12535425,ETH-16025544,1588464006286,0,214.2,ETH-PERPETUAL,214.15,buy,20.0,
12535426,ETH-16025545,1588464006286,1,214.2,ETH-PERPETUAL,214.15,buy,1.0,
12535427,ETH-16025546,1588464007685,0,214.25,ETH-PERPETUAL,214.17,buy,1879.0,
12535428,ETH-16025547,1588464016373,2,214.15,ETH-PERPETUAL,214.15,sell,5.0,
12535429,ETH-16025548,1588464016373,3,214.15,ETH-PERPETUAL,214.15,sell,2.0,
12535430,ETH-16025549,1588464021640,2,214.1,ETH-PERPETUAL,214.11,sell,19.0,
12535431,ETH-16025550,1588464021640,3,214.1,ETH-PERPETUAL,214.11,sell,1.0,
12535432,ETH-16025551,1588464021640,3,214.1,ETH-PERPETUAL,214.11,sell,1.0,
12535433,ETH-16025552,1588464023508,2,214.05,ETH-PERPETUAL,214.08,sell,1.0,
12535434,ETH-16025553,1588464032257,2,214.0,ETH-PERPETUAL,214.0,sell,24.0,
12535435,ETH-16025554,1588464033267,2,213.95,ETH-PERPETUAL,213.99,sell,1.0,
12535436,ETH-16025555,1588464039391,3,213.95,ETH-PERPETUAL,213.97,buy,1.0,
12535437,ETH-16025556,1588464042419,0,214.05,ETH-PERPETUAL,214.0,buy,1.0,
12535438,ETH-16025557,1588464053415,0,214.1,ETH-PERPETUAL,214.04,buy,47.0,
12535439,ETH-16025558,1588464093249,1,214.1,ETH-PERPETUAL,214.06,buy,74.0,
12535440,ETH-16025559,1588464108266,0,214.2,ETH-PERPETUAL,214.18,sell,10.0,
12535441,ETH-16025560,1588464128113,0,214.25,ETH-PERPETUAL,214.19,buy,8.0,
12535442,ETH-16025561,1588464128113,1,214.25,ETH-PERPETUAL,214.19,buy,1.0,
12535443,ETH-16025564,1588464128244,0,214.3,ETH-PERPETUAL,214.19,buy,500.0,
12535444,ETH-16025566,1588464144740,1,214.3,ETH-PERPETUAL,214.26,sell,500.0,
12535445,ETH-16025575,1588464157511,2,214.2,ETH-PERPETUAL,214.22,buy,13.0,
12535446,ETH-16025576,1588464195795,0,214.3,ETH-PERPETUAL,214.26,buy,19.0,
12535447,ETH-16025577,1588464213835,1,214.3,ETH-PERPETUAL,214.33,sell,19.0,
12535448,ETH-16025578,1588464213835,1,214.3,ETH-PERPETUAL,214.33,sell,100.0,
12535449,ETH-16025579,1588464213835,1,214.3,ETH-PERPETUAL,214.33,sell,881.0,
12535450,ETH-16025580,1588464240162,1,214.3,ETH-PERPETUAL,214.3,buy,10.0,
12535451,ETH-16025581,1588464251649,1,214.3,ETH-PERPETUAL,214.28,buy,350.0,
12535452,ETH-16025582,1588464276805,1,214.3,ETH-PERPETUAL,214.3,buy,6.0,
12535453,ETH-16025583,1588464280668,1,214.3,ETH-PERPETUAL,214.3,sell,58.0,
12535454,ETH-16025584,1588464293668,1,214.3,ETH-PERPETUAL,214.27,buy,6.0,
12535455,ETH-16025585,1588464303899,1,214.3,ETH-PERPETUAL,214.29,buy,52.0,
12535456,ETH-16025588,1588464355490,1,214.3,ETH-PERPETUAL,214.33,buy,11.0,
12535457,ETH-16025589,1588464355490,1,214.3,ETH-PERPETUAL,214.33,buy,100.0,
12535458,ETH-16025590,1588464369097,1,214.3,ETH-PERPETUAL,214.32,buy,448.0,
12535459,ETH-16025591,1588464369097,1,214.3,ETH-PERPETUAL,214.32,buy,18.0,
12535460,ETH-16025592,1588464370401,1,214.3,ETH-PERPETUAL,214.32,buy,420.0,
12535461,ETH-16025599,1588464381315,1,214.3,ETH-PERPETUAL,214.33,buy,1.0,
12535462,ETH-16025600,1588464381321,2,214.25,ETH-PERPETUAL,214.33,sell,1.0,
12535463,ETH-16025601,1588464396672,0,214.3,ETH-PERPETUAL,214.35,buy,6.0,
12535464,ETH-16025603,1588464403918,2,214.25,ETH-PERPETUAL,214.34,sell,10.0,
12535465,ETH-16025604,1588464403918,3,214.25,ETH-PERPETUAL,214.34,sell,20.0,
12535466,ETH-16025605,1588464412133,2,214.15,ETH-PERPETUAL,214.22,sell,500.0,
12535467,ETH-16025606,1588464412133,3,214.15,ETH-PERPETUAL,214.22,sell,3700.0,
12535468,ETH-16025607,1588464412138,2,214.05,ETH-PERPETUAL,214.22,sell,2.0,
12535469,ETH-16025609,1588464412473,3,214.05,ETH-PERPETUAL,214.22,sell,1000.0,
12535470,ETH-16025610,1588464412473,3,214.05,ETH-PERPETUAL,214.22,sell,970.0,
12535471,ETH-16025612,1588464412914,3,214.05,ETH-PERPETUAL,214.16,sell,5351.0,
12535472,ETH-16025613,1588464412914,3,214.05,ETH-PERPETUAL,214.16,sell,1.0,
12535473,ETH-16025615,1588464454780,0,214.1,ETH-PERPETUAL,214.09,buy,100.0,
12535474,ETH-16025616,1588464488055,2,214.05,ETH-PERPETUAL,214.06,sell,8.0,
12535475,ETH-16025617,1588464488055,3,214.05,ETH-PERPETUAL,214.06,sell,3.0,
12535476,ETH-16025618,1588464488279,2,214.0,ETH-PERPETUAL,214.05,sell,500.0,
12535477,ETH-16025619,1588464492164,2,213.95,ETH-PERPETUAL,214.01,sell,4.0,
12535478,ETH-16025620,1588464492164,3,213.95,ETH-PERPETUAL,214.01,sell,96.0,
12535479,ETH-16025621,1588464494576,3,213.95,ETH-PERPETUAL,213.96,sell,6.0,
12535480,ETH-16025622,1588464508652,0,214.0,ETH-PERPETUAL,213.98,buy,1.0,
12535481,ETH-16025623,1588464508652,1,214.0,ETH-PERPETUAL,213.98,buy,1.0,
12535482,ETH-16025624,1588464525534,1,214.0,ETH-PERPETUAL,214.0,sell,10.0,
12535483,ETH-16025625,1588464525534,1,214.0,ETH-PERPETUAL,214.0,sell,490.0,
12535484,ETH-16025626,1588464536618,0,214.05,ETH-PERPETUAL,214.04,buy,50.0,
12535485,ETH-16025627,1588464545514,0,214.1,ETH-PERPETUAL,214.11,sell,50.0,
12535486,ETH-16025628,1588464573206,1,214.1,ETH-PERPETUAL,214.11,sell,1.0,
12535487,ETH-16025629,1588464573206,1,214.1,ETH-PERPETUAL,214.11,sell,2.0,
12535488,ETH-16025630,1588464573206,1,214.1,ETH-PERPETUAL,214.11,sell,1.0,
12535489,ETH-16025631,1588464573206,1,214.1,ETH-PERPETUAL,214.11,sell,200.0,
12535490,ETH-16025632,1588464573376,2,214.05,ETH-PERPETUAL,214.11,sell,400.0,
12535491,ETH-16025633,1588464573396,3,214.05,ETH-PERPETUAL,214.11,sell,327.0,
12535492,ETH-16025634,1588464581134,2,213.95,ETH-PERPETUAL,213.97,sell,15.0,
12535493,ETH-16025635,1588464581134,2,213.9,ETH-PERPETUAL,213.97,sell,2.0,
12535494,ETH-16025636,1588464581134,3,213.9,ETH-PERPETUAL,213.97,sell,4.0,
12535495,ETH-16025637,1588464586880,3,213.9,ETH-PERPETUAL,213.94,buy,50.0,
12535496,ETH-16025638,1588464652607,0,214.0,ETH-PERPETUAL,213.97,sell,3.0,
12535497,ETH-16025639,1588464652607,1,214.0,ETH-PERPETUAL,213.97,sell,7.0,
12535498,ETH-16025640,1588464657732,2,213.9,ETH-PERPETUAL,213.93,sell,10.0,
12535499,ETH-16025641,1588464669515,0,213.95,ETH-PERPETUAL,213.88,buy,690.0,
12535500,ETH-16025642,1588464677527,1,213.95,ETH-PERPETUAL,213.91,sell,100.0,
12535501,ETH-16025643,1588464677746,2,213.85,ETH-PERPETUAL,213.9,sell,4.0,
12535502,ETH-16025644,1588464677746,3,213.85,ETH-PERPETUAL,213.9,sell,13.0,
12535503,ETH-16025645,1588464677746,3,213.85,ETH-PERPETUAL,213.9,sell,217.0,
12535504,ETH-16025648,1588464712226,0,213.9,ETH-PERPETUAL,213.81,sell,10.0,
12535505,ETH-16025649,1588464728359,1,213.9,ETH-PERPETUAL,213.81,sell,9.0,
12535506,ETH-16025650,1588464728359,1,213.9,ETH-PERPETUAL,213.81,sell,4.0,
12535507,ETH-16025651,1588464728359,1,213.9,ETH-PERPETUAL,213.81,sell,4.0,
12535508,ETH-16025652,1588464728359,2,213.85,ETH-PERPETUAL,213.81,sell,600.0,
12535509,ETH-16025653,1588464728359,3,213.85,ETH-PERPETUAL,213.81,sell,1268.0,
12535510,ETH-16025655,1588464737857,2,213.8,ETH-PERPETUAL,213.77,sell,16.0,
12535511,ETH-16025656,1588464764227,0,214.05,ETH-PERPETUAL,213.94,buy,105.0,
12535512,ETH-16025657,1588464792864,1,214.05,ETH-PERPETUAL,214.04,sell,2.0,
12535513,ETH-16025658,1588464793642,2,214.0,ETH-PERPETUAL,213.99,buy,100.0,
12535514,ETH-16025659,1588464816984,0,214.05,ETH-PERPETUAL,214.03,sell,3.0,
12535515,ETH-16025660,1588464816984,1,214.05,ETH-PERPETUAL,214.03,sell,1.0,
12535516,ETH-16025661,1588464826062,0,214.1,ETH-PERPETUAL,214.04,buy,2.0,
12535517,ETH-16025662,1588464837323,1,214.1,ETH-PERPETUAL,214.08,sell,1.0,
12535518,ETH-16025663,1588464838486,2,214.05,ETH-PERPETUAL,214.05,sell,1.0,
12535519,ETH-16025664,1588464857330,3,214.05,ETH-PERPETUAL,214.01,buy,1.0,
12535520,ETH-16025665,1588464857330,3,214.05,ETH-PERPETUAL,214.01,buy,249.0,
12535521,ETH-16025667,1588464868707,0,214.1,ETH-PERPETUAL,214.01,sell,4.0,
12535522,ETH-16025668,1588464870872,2,214.05,ETH-PERPETUAL,214.02,sell,3.0,
12535523,ETH-16025669,1588464870872,3,214.05,ETH-PERPETUAL,214.02,sell,94.0,
12535524,ETH-16025670,1588464893085,2,214.0,ETH-PERPETUAL,214.0,buy,284.0,
12535525,ETH-16025671,1588464893085,3,214.0,ETH-PERPETUAL,214.0,buy,500.0,
12535526,ETH-16025672,1588464899190,0,214.15,ETH-PERPETUAL,214.05,buy,20.0,
12535527,ETH-16025673,1588464903676,0,214.25,ETH-PERPETUAL,214.14,buy,2.0,
12535528,ETH-16025674,1588464913187,0,214.4,ETH-PERPETUAL,214.29,buy,18.0,
12535529,ETH-16025675,1588464913187,1,214.4,ETH-PERPETUAL,214.29,buy,1176.0,
12535530,ETH-16025676,1588464913194,0,214.45,ETH-PERPETUAL,214.29,buy,200.0,
12535531,ETH-16025677,1588464917016,1,214.45,ETH-PERPETUAL,214.3,buy,27.0,
12535532,ETH-16025678,1588464917016,1,214.45,ETH-PERPETUAL,214.3,buy,1.0,
12535533,ETH-16025679,1588464917608,2,214.4,ETH-PERPETUAL,214.34,sell,500.0,
12535534,ETH-16025680,1588464917608,3,214.4,ETH-PERPETUAL,214.34,sell,1044.0,
12535535,ETH-16025681,1588464926906,0,214.45,ETH-PERPETUAL,214.41,buy,94.0,
12535536,ETH-16025682,1588464926906,1,214.45,ETH-PERPETUAL,214.41,buy,5811.0,
12535537,ETH-16025683,1588464926908,1,214.45,ETH-PERPETUAL,214.41,buy,1000.0,
12535538,ETH-16025684,1588464950341,1,214.45,ETH-PERPETUAL,214.44,buy,32.0,
12535539,ETH-16025685,1588464953119,0,214.5,ETH-PERPETUAL,214.44,sell,10.0,
12535540,ETH-16025686,1588464959421,0,214.55,ETH-PERPETUAL,214.46,buy,500.0,
12535541,ETH-16025688,1588464962068,1,214.55,ETH-PERPETUAL,214.47,buy,34.0,
12535542,ETH-16025689,1588464962068,1,214.55,ETH-PERPETUAL,214.47,buy,1000.0,
12535543,ETH-16025691,1588464962949,0,214.6,ETH-PERPETUAL,214.5,sell,190.0,
12535544,ETH-16025692,1588464962949,1,214.6,ETH-PERPETUAL,214.5,sell,300.0,
12535545,ETH-16025693,1588464962949,1,214.6,ETH-PERPETUAL,214.5,sell,100.0,
12535546,ETH-16025694,1588464962949,1,214.6,ETH-PERPETUAL,214.5,sell,233.0,
12535547,ETH-16025695,1588464962949,2,214.55,ETH-PERPETUAL,214.5,sell,2842.0,
12535548,ETH-16025697,1588464967238,3,214.55,ETH-PERPETUAL,214.5,sell,100.0,
12535549,ETH-16025698,1588464976715,0,214.6,ETH-PERPETUAL,214.51,buy,28.0,
12535550,ETH-16025699,1588464976715,1,214.6,ETH-PERPETUAL,214.51,buy,1.0,
12535551,ETH-16025700,1588464976715,1,214.6,ETH-PERPETUAL,214.51,buy,11.0,
12535552,ETH-16025701,1588464976715,0,214.65,ETH-PERPETUAL,214.51,buy,4.0,
12535553,ETH-16025702,1588464976715,0,214.7,ETH-PERPETUAL,214.51,buy,80.0,
12535554,ETH-16025703,1588464976715,1,214.7,ETH-PERPETUAL,214.51,buy,10.0,
12535555,ETH-16025704,1588464976715,1,214.7,ETH-PERPETUAL,214.51,buy,2.0,
12535556,ETH-16025705,1588464976715,1,214.7,ETH-PERPETUAL,214.51,buy,2714.0,
12535557,ETH-16025706,1588464976774,1,214.7,ETH-PERPETUAL,214.51,buy,2850.0,
12535558,ETH-16025708,1588464976855,1,214.7,ETH-PERPETUAL,214.51,buy,7465.0,
12535559,ETH-16025709,1588464976856,0,214.75,ETH-PERPETUAL,214.51,buy,5001.0,
12535560,ETH-16025710,1588464976862,1,214.75,ETH-PERPETUAL,214.51,buy,500.0,
12535561,ETH-16025715,1588464976889,1,214.75,ETH-PERPETUAL,214.51,buy,3662.0,
12535562,ETH-16025716,1588464976889,1,214.75,ETH-PERPETUAL,214.51,buy,6000.0,
12535563,ETH-16025717,1588464976889,1,214.75,ETH-PERPETUAL,214.51,buy,10090.0,
12535564,ETH-16025718,1588464976889,1,214.75,ETH-PERPETUAL,214.51,buy,248.0,
12535565,ETH-16025719,1588464976891,1,214.75,ETH-PERPETUAL,214.51,buy,2.0,
12535566,ETH-16025720,1588464976891,1,214.75,ETH-PERPETUAL,214.51,buy,2147.0,
12535567,ETH-16025721,1588464976891,1,214.75,ETH-PERPETUAL,214.51,buy,49.0,
12535568,ETH-16025723,1588465002230,2,214.65,ETH-PERPETUAL,214.64,sell,2000.0,
12535569,ETH-16025724,1588465003292,3,214.65,ETH-PERPETUAL,214.63,buy,200.0,
12535570,ETH-16025725,1588465005119,3,214.65,ETH-PERPETUAL,214.64,buy,2146.0,
12535571,ETH-16025726,1588465005119,3,214.65,ETH-PERPETUAL,214.64,buy,100.0,
12535572,ETH-16025727,1588465005119,3,214.65,ETH-PERPETUAL,214.64,buy,5500.0,
12535573,ETH-16025728,1588465005119,3,214.65,ETH-PERPETUAL,214.64,buy,500.0,
12535574,ETH-16025729,1588465011418,2,214.6,ETH-PERPETUAL,214.58,buy,32.0,
12535575,ETH-16025730,1588465011418,3,214.6,ETH-PERPETUAL,214.58,buy,5500.0,
12535576,ETH-16025731,1588465011418,3,214.6,ETH-PERPETUAL,214.58,buy,2146.0,
12535577,ETH-16025732,1588465016145,2,214.55,ETH-PERPETUAL,214.55,sell,5.0,
12535578,ETH-16025733,1588465016145,3,214.55,ETH-PERPETUAL,214.55,sell,500.0,
12535579,ETH-16025734,1588465036494,0,214.6,ETH-PERPETUAL,214.58,buy,44.0,
12535580,ETH-16025735,1588465038984,0,214.65,ETH-PERPETUAL,214.59,buy,4.0,
12535581,ETH-16025736,1588465053645,1,214.65,ETH-PERPETUAL,214.62,sell,48.0,
12535582,ETH-16025737,1588465068298,0,214.7,ETH-PERPETUAL,214.62,buy,46.0,
12535583,ETH-16025738,1588465069298,0,214.8,ETH-PERPETUAL,214.68,buy,36.0,
12535584,ETH-16025739,1588465069298,1,214.8,ETH-PERPETUAL,214.68,buy,30.0,
12535585,ETH-16025740,1588465069298,1,214.8,ETH-PERPETUAL,214.68,buy,500.0,
12535586,ETH-16025741,1588465069298,1,214.8,ETH-PERPETUAL,214.68,buy,5.0,
12535587,ETH-16025742,1588465069298,1,214.8,ETH-PERPETUAL,214.68,buy,1383.0,
12535588,ETH-16025743,1588465075240,2,214.75,ETH-PERPETUAL,214.72,sell,200.0,
12535589,ETH-16025744,1588465075240,3,214.75,ETH-PERPETUAL,214.72,sell,52.0,
12535590,ETH-16025745,1588465075240,3,214.75,ETH-PERPETUAL,214.72,sell,49.0,
12535591,ETH-16025746,1588465075717,2,214.65,ETH-PERPETUAL,214.72,buy,200.0,
12535592,ETH-16025747,1588465075717,3,214.65,ETH-PERPETUAL,214.72,buy,2800.0,
12535593,ETH-16025748,1588465075717,3,214.65,ETH-PERPETUAL,214.72,buy,100.0,
12535594,ETH-16025749,1588465157519,3,214.65,ETH-PERPETUAL,214.65,buy,29.0,
12535595,ETH-16025750,1588465157519,3,214.65,ETH-PERPETUAL,214.65,buy,4.0,
12535596,ETH-16025751,1588465157732,0,214.7,ETH-PERPETUAL,214.65,buy,20.0,
12535597,ETH-16025752,1588465169937,0,214.75,ETH-PERPETUAL,214.68,sell,100.0,
12535598,ETH-16025753,1588465169937,1,214.75,ETH-PERPETUAL,214.68,sell,200.0,
12535599,ETH-16025754,1588465199966,2,214.65,ETH-PERPETUAL,214.64,buy,20.0,
12535600,ETH-16025755,1588465199966,3,214.65,ETH-PERPETUAL,214.64,buy,130.0,
12535601,ETH-16025756,1588465199973,3,214.65,ETH-PERPETUAL,214.64,buy,300.0,
12535602,ETH-16025757,1588465200366,3,214.65,ETH-PERPETUAL,214.64,buy,260.0,
12535603,ETH-16025758,1588465200379,3,214.65,ETH-PERPETUAL,214.64,buy,10.0,
12535604,ETH-16025759,1588465200379,3,214.65,ETH-PERPETUAL,214.64,buy,420.0,
12535605,ETH-16025760,1588465200967,3,214.65,ETH-PERPETUAL,214.64,buy,80.0,
12535606,ETH-16025761,1588465200967,3,214.65,ETH-PERPETUAL,214.64,buy,240.0,
12535607,ETH-16025762,1588465217519,0,214.7,ETH-PERPETUAL,214.68,buy,4.0,
12535608,ETH-16025763,1588465217519,1,214.7,ETH-PERPETUAL,214.68,buy,22.0,
12535609,ETH-16025766,1588465236724,0,214.85,ETH-PERPETUAL,214.78,buy,215.0,
12535610,ETH-16025767,1588465236724,1,214.85,ETH-PERPETUAL,214.78,buy,29.0,
12535611,ETH-16025768,1588465253557,0,214.9,ETH-PERPETUAL,214.81,sell,20.0,
12535612,ETH-16025771,1588465257715,0,214.95,ETH-PERPETUAL,214.84,buy,1.0,
12535613,ETH-16025772,1588465257718,1,214.95,ETH-PERPETUAL,214.84,buy,30.0,
12535614,ETH-16025773,1588465257718,1,214.95,ETH-PERPETUAL,214.84,buy,370.0,
12535615,ETH-16025774,1588465257726,2,214.9,ETH-PERPETUAL,214.84,sell,1.0,
12535616,ETH-16025776,1588465267172,0,214.95,ETH-PERPETUAL,214.84,sell,929.0,
12535617,ETH-16025777,1588465273385,2,214.9,ETH-PERPETUAL,214.84,sell,100.0,
12535618,ETH-16025778,1588465273385,3,214.9,ETH-PERPETUAL,214.84,sell,100.0,
12535619,ETH-16025779,1588465274640,2,214.85,ETH-PERPETUAL,214.84,buy,100.0,
12535620,ETH-16025780,1588465274640,3,214.85,ETH-PERPETUAL,214.84,buy,200.0,
12535621,ETH-16025781,1588465280488,0,214.95,ETH-PERPETUAL,214.86,buy,22.0,
12535622,ETH-16025782,1588465280488,1,214.95,ETH-PERPETUAL,214.86,buy,978.0,
12535623,ETH-16025783,1588465287979,2,214.85,ETH-PERPETUAL,214.82,sell,900.0,
12535624,ETH-16025784,1588465289693,2,214.8,ETH-PERPETUAL,214.82,sell,10.0,
12535625,ETH-16025785,1588465289698,2,214.75,ETH-PERPETUAL,214.82,sell,2.0,
12535626,ETH-16025786,1588465301083,3,214.75,ETH-PERPETUAL,214.71,buy,8.0,
12535627,ETH-16025787,1588465311600,0,214.8,ETH-PERPETUAL,214.77,buy,12.0,
12535628,ETH-16025788,1588465316422,0,214.9,ETH-PERPETUAL,214.82,sell,3.0,
12535629,ETH-16025789,1588465316422,1,214.9,ETH-PERPETUAL,214.82,sell,100.0,
12535630,ETH-16025790,1588465316422,1,214.9,ETH-PERPETUAL,214.82,sell,170.0,
12535631,ETH-16025791,1588465316425,0,214.95,ETH-PERPETUAL,214.82,buy,2.0,
12535632,ETH-16025792,1588465316429,1,214.95,ETH-PERPETUAL,214.82,buy,2.0,
12535633,ETH-16025793,1588465323336,2,214.85,ETH-PERPETUAL,214.82,buy,16.0,
12535634,ETH-16025794,1588465323336,3,214.85,ETH-PERPETUAL,214.82,buy,4.0,
12535635,ETH-16025795,1588465342267,2,214.8,ETH-PERPETUAL,214.78,buy,3.0,
12535636,ETH-16025797,1588465368548,0,214.9,ETH-PERPETUAL,214.81,buy,13.0,
12535637,ETH-16025798,1588465368548,1,214.9,ETH-PERPETUAL,214.81,buy,1.0,
12535638,ETH-16025799,1588465368548,1,214.9,ETH-PERPETUAL,214.81,buy,1000.0,
12535639,ETH-16025801,1588465372792,0,214.95,ETH-PERPETUAL,214.83,buy,5.0,
12535640,ETH-16025802,1588465372792,1,214.95,ETH-PERPETUAL,214.83,buy,10.0,
12535641,ETH-16025803,1588465372792,1,214.95,ETH-PERPETUAL,214.83,buy,600.0,
12535642,ETH-16025804,1588465382052,1,214.95,ETH-PERPETUAL,214.86,buy,7.0,
12535643,ETH-16025805,1588465382052,1,214.95,ETH-PERPETUAL,214.86,buy,4.0,
12535644,ETH-16025806,1588465382052,1,214.95,ETH-PERPETUAL,214.86,buy,337.0,
12535645,ETH-16025809,1588465431107,2,214.9,ETH-PERPETUAL,214.86,sell,1.0,
12535646,ETH-16025810,1588465431108,3,214.9,ETH-PERPETUAL,214.86,sell,1.0,
12535647,ETH-16025811,1588465431156,0,214.95,ETH-PERPETUAL,214.86,buy,1.0,
12535648,ETH-16025812,1588465431161,2,214.9,ETH-PERPETUAL,214.86,sell,1.0,
12535649,ETH-16025813,1588465453894,3,214.9,ETH-PERPETUAL,214.87,sell,7.0,
12535650,ETH-16025815,1588465462592,3,214.9,ETH-PERPETUAL,214.85,buy,600.0,
12535651,ETH-16025816,1588465470560,0,214.95,ETH-PERPETUAL,214.87,buy,7.0,
12535652,ETH-16025820,1588465500621,1,214.95,ETH-PERPETUAL,214.89,buy,6.0,
12535653,ETH-16025821,1588465500621,1,214.95,ETH-PERPETUAL,214.89,buy,4.0,
12535654,ETH-16025822,1588465500621,1,214.95,ETH-PERPETUAL,214.89,buy,3.0,
12535655,ETH-16025823,1588465500621,1,214.95,ETH-PERPETUAL,214.89,buy,3.0,
12535656,ETH-16025827,1588465529560,0,215.0,ETH-PERPETUAL,214.93,buy,1.0,
12535657,ETH-16025828,1588465529560,1,215.0,ETH-PERPETUAL,214.93,buy,25.0,
12535658,ETH-16025829,1588465529560,1,215.0,ETH-PERPETUAL,214.93,buy,30.0,
12535659,ETH-16025830,1588465529560,1,215.0,ETH-PERPETUAL,214.93,buy,4.0,
12535660,ETH-16025831,1588465529560,1,215.0,ETH-PERPETUAL,214.93,buy,15.0,
12535661,ETH-16025832,1588465529565,0,215.1,ETH-PERPETUAL,214.93,buy,142.0,
12535662,ETH-16025833,1588465529571,0,215.15,ETH-PERPETUAL,214.93,buy,2.0,
12535663,ETH-16025838,1588465530514,1,215.15,ETH-PERPETUAL,214.94,buy,413.0,
12535664,ETH-16025840,1588465530522,1,215.15,ETH-PERPETUAL,214.94,buy,87.0,
12535665,ETH-16025847,1588465550900,2,215.1,ETH-PERPETUAL,215.0,sell,2000.0,
12535666,ETH-16025848,1588465559391,0,215.15,ETH-PERPETUAL,215.01,buy,268.0,
12535667,ETH-16025849,1588465559391,1,215.15,ETH-PERPETUAL,215.01,buy,1200.0,
12535668,ETH-16025850,1588465559391,1,215.15,ETH-PERPETUAL,215.01,buy,256.0,
12535669,ETH-16025851,1588465559663,1,215.15,ETH-PERPETUAL,215.01,buy,24.0,
12535670,ETH-16025853,1588465569169,0,215.25,ETH-PERPETUAL,215.07,buy,276.0,
12535671,ETH-16025856,1588465628984,1,215.25,ETH-PERPETUAL,215.12,buy,4.0,
12535672,ETH-16025857,1588465628984,1,215.25,ETH-PERPETUAL,215.12,buy,30.0,
12535673,ETH-16025858,1588465629052,0,215.3,ETH-PERPETUAL,215.12,buy,36.0,
12535674,ETH-16025859,1588465629052,1,215.3,ETH-PERPETUAL,215.12,buy,30.0,
12535675,ETH-16025863,1588465630179,0,215.4,ETH-PERPETUAL,215.17,buy,5385.0,
12535676,ETH-16025864,1588465630269,1,215.4,ETH-PERPETUAL,215.17,buy,2193.0,
12535677,ETH-16025865,1588465630283,1,215.4,ETH-PERPETUAL,215.17,buy,2808.0,
12535678,ETH-16025866,1588465636155,1,215.4,ETH-PERPETUAL,215.26,buy,483.0,
12535679,ETH-16025867,1588465636174,1,215.4,ETH-PERPETUAL,215.26,buy,211.0,
12535680,ETH-16025868,1588465636174,1,215.4,ETH-PERPETUAL,215.26,buy,43.0,
12535681,ETH-16025871,1588465637482,0,215.45,ETH-PERPETUAL,215.31,buy,5.0,
12535682,ETH-16025872,1588465637482,1,215.45,ETH-PERPETUAL,215.31,buy,44.0,
12535683,ETH-16025873,1588465638248,1,215.45,ETH-PERPETUAL,215.31,sell,10.0,
12535684,ETH-16025874,1588465640488,1,215.45,ETH-PERPETUAL,215.32,sell,30.0,
12535685,ETH-16025875,1588465640488,1,215.45,ETH-PERPETUAL,215.32,sell,427.0,
12535686,ETH-16025876,1588465643692,0,215.5,ETH-PERPETUAL,215.33,buy,457.0,
12535687,ETH-16025877,1588465643699,1,215.5,ETH-PERPETUAL,215.33,buy,313.0,
12535688,ETH-16025878,1588465643699,1,215.5,ETH-PERPETUAL,215.33,buy,25.0,
12535689,ETH-16025879,1588465643699,1,215.5,ETH-PERPETUAL,215.33,buy,36.0,
12535690,ETH-16025880,1588465643699,1,215.5,ETH-PERPETUAL,215.33,buy,426.0,
12535691,ETH-16025881,1588465646860,2,215.4,ETH-PERPETUAL,215.35,sell,50.0,
12535692,ETH-16025882,1588465646860,3,215.4,ETH-PERPETUAL,215.35,sell,30.0,
12535693,ETH-16025883,1588465650163,2,215.35,ETH-PERPETUAL,215.34,sell,600.0,
12535694,ETH-16025884,1588465651490,3,215.35,ETH-PERPETUAL,215.32,buy,100.0,
12535695,ETH-16025885,1588465651490,3,215.35,ETH-PERPETUAL,215.32,buy,200.0,
12535696,ETH-16025886,1588465656974,2,215.3,ETH-PERPETUAL,215.26,buy,500.0,
12535697,ETH-16025887,1588465656974,3,215.3,ETH-PERPETUAL,215.26,buy,2000.0,
12535698,ETH-16025888,1588465656974,3,215.3,ETH-PERPETUAL,215.26,buy,2153.0,
12535699,ETH-16025889,1588465659378,0,215.35,ETH-PERPETUAL,215.29,buy,19.0,
12535700,ETH-16025890,1588465660769,0,215.45,ETH-PERPETUAL,215.29,buy,25.0,
12535701,ETH-16025891,1588465678598,0,215.5,ETH-PERPETUAL,215.37,buy,19.0,
12535702,ETH-16025892,1588465678598,1,215.5,ETH-PERPETUAL,215.37,buy,1.0,
12535703,ETH-16025893,1588465678598,1,215.5,ETH-PERPETUAL,215.37,buy,6.0,
12535704,ETH-16025894,1588465678598,1,215.5,ETH-PERPETUAL,215.37,buy,20.0,
12535705,ETH-16025895,1588465681718,0,215.6,ETH-PERPETUAL,215.4,buy,1.0,
12535706,ETH-16025897,1588465682231,0,215.65,ETH-PERPETUAL,215.4,buy,770.0,
12535707,ETH-16025898,1588465682231,1,215.65,ETH-PERPETUAL,215.4,buy,1603.0,
12535708,ETH-16025899,1588465682231,1,215.65,ETH-PERPETUAL,215.4,buy,129.0,
12535709,ETH-16025900,1588465682231,1,215.65,ETH-PERPETUAL,215.4,buy,4.0,
12535710,ETH-16025905,1588465682309,0,215.75,ETH-PERPETUAL,215.4,buy,36.0,
12535711,ETH-16025906,1588465682309,1,215.75,ETH-PERPETUAL,215.4,buy,1294.0,
12535712,ETH-16025907,1588465682311,1,215.75,ETH-PERPETUAL,215.4,buy,1206.0,
12535713,ETH-16025908,1588465682311,1,215.75,ETH-PERPETUAL,215.4,buy,250.0,
12535714,ETH-16025909,1588465682311,1,215.75,ETH-PERPETUAL,215.4,buy,49.0,
12535715,ETH-16025912,1588465682411,0,215.8,ETH-PERPETUAL,215.4,buy,1220.0,
12535716,ETH-16025913,1588465682419,1,215.8,ETH-PERPETUAL,215.4,buy,1025.0,
12535717,ETH-16025914,1588465682426,1,215.8,ETH-PERPETUAL,215.4,buy,255.0,
12535718,ETH-16025915,1588465682426,1,215.8,ETH-PERPETUAL,215.4,buy,770.0,
12535719,ETH-16025917,1588465682459,0,215.85,ETH-PERPETUAL,215.4,buy,2500.0,
12535720,ETH-16025918,1588465682459,1,215.85,ETH-PERPETUAL,215.4,buy,35.0,
12535721,ETH-16025919,1588465682469,1,215.85,ETH-PERPETUAL,215.4,buy,1423.0,
12535722,ETH-16025920,1588465682482,1,215.85,ETH-PERPETUAL,215.4,buy,735.0,
12535723,ETH-16025921,1588465682482,1,215.85,ETH-PERPETUAL,215.4,buy,116.0,
12535724,ETH-16025926,1588465682486,1,215.85,ETH-PERPETUAL,215.4,buy,2158.0,
12535725,ETH-16025927,1588465682488,1,215.85,ETH-PERPETUAL,215.4,buy,1400.0,
12535726,ETH-16025928,1588465682490,1,215.85,ETH-PERPETUAL,215.4,buy,1600.0,
12535727,ETH-16025929,1588465682490,1,215.85,ETH-PERPETUAL,215.4,buy,2158.0,
12535728,ETH-16025930,1588465682493,1,215.85,ETH-PERPETUAL,215.4,buy,1000.0,
12535729,ETH-16025931,1588465682493,1,215.85,ETH-PERPETUAL,215.4,buy,1076.0,
12535730,ETH-16025932,1588465682521,1,215.85,ETH-PERPETUAL,215.4,buy,224.0,
12535731,ETH-16025936,1588465682561,1,215.85,ETH-PERPETUAL,215.46,buy,2158.0,
12535732,ETH-16025940,1588465682726,0,215.9,ETH-PERPETUAL,215.46,buy,500.0,
12535733,ETH-16025941,1588465682726,1,215.9,ETH-PERPETUAL,215.46,buy,114.0,
12535734,ETH-16025942,1588465682834,1,215.9,ETH-PERPETUAL,215.46,buy,656.0,
12535735,ETH-16025943,1588465683394,1,215.9,ETH-PERPETUAL,215.46,buy,39.0,
12535736,ETH-16025944,1588465683394,1,215.9,ETH-PERPETUAL,215.46,buy,60.0,
12535737,ETH-16025946,1588465686105,2,215.85,ETH-PERPETUAL,215.55,sell,99.0,
12535738,ETH-16025947,1588465686105,3,215.85,ETH-PERPETUAL,215.55,sell,99.0,
12535739,ETH-16025948,1588465687477,2,215.8,ETH-PERPETUAL,215.56,sell,128.0,
12535740,ETH-16025949,1588465687477,3,215.8,ETH-PERPETUAL,215.56,sell,120.0,
12535741,ETH-16025950,1588465687477,3,215.8,ETH-PERPETUAL,215.56,sell,100.0,
12535742,ETH-16025951,1588465687477,3,215.8,ETH-PERPETUAL,215.56,sell,150.0,
12535743,ETH-16025952,1588465687477,3,215.8,ETH-PERPETUAL,215.56,sell,5.0,
12535744,ETH-16025953,1588465687477,3,215.8,ETH-PERPETUAL,215.56,sell,200.0,
12535745,ETH-16025954,1588465687477,3,215.8,ETH-PERPETUAL,215.56,sell,150.0,
12535746,ETH-16025955,1588465687477,3,215.8,ETH-PERPETUAL,215.56,sell,49.0,
12535747,ETH-16025962,1588465687786,2,215.75,ETH-PERPETUAL,215.63,buy,200.0,
12535748,ETH-16025963,1588465687786,3,215.75,ETH-PERPETUAL,215.63,buy,5300.0,
12535749,ETH-16025965,1588465687820,3,215.75,ETH-PERPETUAL,215.63,sell,200.0,
12535750,ETH-16025966,1588465687820,3,215.75,ETH-PERPETUAL,215.63,sell,900.0,
12535751,ETH-16025968,1588465687978,3,215.75,ETH-PERPETUAL,215.63,buy,100.0,
12535752,ETH-16025969,1588465687978,3,215.75,ETH-PERPETUAL,215.63,buy,6600.0,
12535753,ETH-16025970,1588465687978,3,215.75,ETH-PERPETUAL,215.63,buy,500.0,
12535754,ETH-16025971,1588465688299,2,215.7,ETH-PERPETUAL,215.63,sell,5.0,
12535755,ETH-16025972,1588465688498,2,215.65,ETH-PERPETUAL,215.63,sell,500.0,
12535756,ETH-16025973,1588465688606,0,215.7,ETH-PERPETUAL,215.6,buy,10500.0,
12535757,ETH-16025974,1588465688671,2,215.65,ETH-PERPETUAL,215.6,sell,800.0,
12535758,ETH-16025975,1588465689030,2,215.6,ETH-PERPETUAL,215.6,sell,500.0,
12535759,ETH-16025976,1588465689285,2,215.55,ETH-PERPETUAL,215.6,sell,1435.0,
12535760,ETH-16025977,1588465689320,3,215.55,ETH-PERPETUAL,215.6,sell,1197.0,
12535761,ETH-16025978,1588465689322,3,215.55,ETH-PERPETUAL,215.6,sell,1661.0,
12535762,ETH-16025979,1588465689323,3,215.55,ETH-PERPETUAL,215.6,sell,2751.0,
12535763,ETH-16025980,1588465689351,3,215.55,ETH-PERPETUAL,215.6,sell,1684.0,
12535764,ETH-16025981,1588465689365,3,215.55,ETH-PERPETUAL,215.6,sell,4388.0,
12535765,ETH-16025982,1588465689394,3,215.55,ETH-PERPETUAL,215.6,sell,1672.0,
12535766,ETH-16025983,1588465689398,3,215.55,ETH-PERPETUAL,215.6,sell,1198.0,
12535767,ETH-16025984,1588465689400,3,215.55,ETH-PERPETUAL,215.6,sell,2748.0,
12535768,ETH-16025987,1588465691873,0,215.7,ETH-PERPETUAL,215.58,buy,36.0,
12535769,ETH-16025988,1588465696061,0,215.75,ETH-PERPETUAL,215.59,buy,37.0,
12535770,ETH-16025989,1588465698544,0,215.85,ETH-PERPETUAL,215.62,buy,31.0,
12535771,ETH-16025990,1588465699547,0,215.9,ETH-PERPETUAL,215.62,buy,129.0,
12535772,ETH-16025991,1588465703410,0,215.95,ETH-PERPETUAL,215.73,buy,244.0,T
12535773,ETH-16025992,1588465703410,1,215.95,ETH-PERPETUAL,215.73,buy,504.0,T
12535774,ETH-16025993,1588465706967,1,215.95,ETH-PERPETUAL,215.73,buy,1.0,
12535775,ETH-16025994,1588465706967,1,215.95,ETH-PERPETUAL,215.73,buy,41.0,
12535776,ETH-16025995,1588465706967,1,215.95,ETH-PERPETUAL,215.73,buy,500.0,
12535777,ETH-16025996,1588465706967,1,215.95,ETH-PERPETUAL,215.73,buy,793.0,
12535778,ETH-16025997,1588465707597,1,215.95,ETH-PERPETUAL,215.73,sell,105.0,
12535779,ETH-16025998,1588465708303,0,216.0,ETH-PERPETUAL,215.74,buy,5.0,
12535780,ETH-16025999,1588465708303,1,216.0,ETH-PERPETUAL,215.74,buy,25.0,
12535781,ETH-16026000,1588465708303,1,216.0,ETH-PERPETUAL,215.74,buy,10.0,
12535782,ETH-16026001,1588465708303,1,216.0,ETH-PERPETUAL,215.74,buy,1.0,
12535783,ETH-16026002,1588465708303,1,216.0,ETH-PERPETUAL,215.74,buy,2.0,
12535784,ETH-16026003,1588465708303,1,216.0,ETH-PERPETUAL,215.74,buy,2.0,
12535785,ETH-16026004,1588465708303,1,216.0,ETH-PERPETUAL,215.74,buy,63.0,
12535786,ETH-16026005,1588465708303,1,216.0,ETH-PERPETUAL,215.74,buy,130.0,
12535787,ETH-16026006,1588465708303,1,216.0,ETH-PERPETUAL,215.74,buy,688.0,
12535788,ETH-16026007,1588465708303,1,216.0,ETH-PERPETUAL,215.74,buy,10.0,
12535789,ETH-16026008,1588465708303,0,216.05,ETH-PERPETUAL,215.74,buy,770.0,
12535790,ETH-16026009,1588465708303,1,216.05,ETH-PERPETUAL,215.74,buy,2160.0,
12535791,ETH-16026010,1588465708303,1,216.05,ETH-PERPETUAL,215.74,buy,1135.0,
12535792,ETH-16026011,1588465708306,1,216.05,ETH-PERPETUAL,215.74,buy,2850.0,
12535793,ETH-16026012,1588465708307,1,216.05,ETH-PERPETUAL,215.74,buy,2015.0,
12535794,ETH-16026013,1588465708307,0,216.1,ETH-PERPETUAL,215.74,buy,7.0,
12535795,ETH-16026014,1588465708307,1,216.1,ETH-PERPETUAL,215.74,buy,828.0,
12535796,ETH-16026015,1588465708313,2,216.05,ETH-PERPETUAL,215.74,buy,2160.0,
12535797,ETH-16026016,1588465708313,0,216.1,ETH-PERPETUAL,215.74,buy,12840.0,
12535798,ETH-16026017,1588465708318,2,216.05,ETH-PERPETUAL,215.74,buy,544.0,
12535799,ETH-16026018,1588465709124,3,216.05,ETH-PERPETUAL,215.78,buy,69.0,
12535800,ETH-16026019,1588465710212,3,216.05,ETH-PERPETUAL,215.78,buy,1547.0,
12535801,ETH-16026020,1588465710212,3,216.05,ETH-PERPETUAL,215.78,buy,800.0,
12535802,ETH-16026021,1588465710212,3,216.05,ETH-PERPETUAL,215.78,buy,666.0,
12535803,ETH-16026022,1588465710212,0,216.1,ETH-PERPETUAL,215.78,buy,796.0,
12535804,ETH-16026023,1588465712008,2,216.0,ETH-PERPETUAL,215.79,sell,210.0,
12535805,ETH-16026024,1588465712008,3,216.0,ETH-PERPETUAL,215.79,sell,790.0,
12535806,ETH-16026025,1588465712423,3,216.0,ETH-PERPETUAL,215.79,sell,100.0,
12535807,ETH-16026030,1588465713075,2,215.9,ETH-PERPETUAL,215.79,sell,85.0,
12535808,ETH-16026032,1588465718590,2,215.8,ETH-PERPETUAL,215.71,buy,25.0,
12535809,ETH-16026033,1588465718590,3,215.8,ETH-PERPETUAL,215.71,buy,100.0,
12535810,ETH-16026034,1588465718590,3,215.8,ETH-PERPETUAL,215.71,buy,4000.0,
12535811,ETH-16026035,1588465718590,0,215.85,ETH-PERPETUAL,215.71,buy,872.0,
12535812,ETH-16026037,1588465728540,1,215.85,ETH-PERPETUAL,215.72,buy,20.0,
12535813,ETH-16026038,1588465729404,0,215.95,ETH-PERPETUAL,215.73,buy,460.0,
12535814,ETH-16026039,1588465730930,2,215.85,ETH-PERPETUAL,215.71,sell,500.0,
12535815,ETH-16026040,1588465730930,3,215.85,ETH-PERPETUAL,215.71,sell,100.0,
12535816,ETH-16026041,1588465730930,3,215.85,ETH-PERPETUAL,215.71,sell,200.0,
12535817,ETH-16026043,1588465737691,3,215.85,ETH-PERPETUAL,215.74,sell,694.0,
12535818,ETH-16026044,1588465738312,2,215.8,ETH-PERPETUAL,215.73,sell,1.0,
12535819,ETH-16026045,1588465738312,3,215.8,ETH-PERPETUAL,215.73,sell,10.0,
12535820,ETH-16026046,1588465738772,2,215.7,ETH-PERPETUAL,215.73,sell,406.0,
12535821,ETH-16026047,1588465739107,3,215.7,ETH-PERPETUAL,215.68,sell,94.0,
12535822,ETH-16026048,1588465739107,3,215.7,ETH-PERPETUAL,215.68,sell,578.0,
12535823,ETH-16026049,1588465739624,2,215.65,ETH-PERPETUAL,215.68,buy,100.0,
12535824,ETH-16026050,1588465739624,3,215.65,ETH-PERPETUAL,215.68,buy,200.0,
12535825,ETH-16026051,1588465750978,0,215.7,ETH-PERPETUAL,215.61,buy,4.0,
12535826,ETH-16026052,1588465750978,1,215.7,ETH-PERPETUAL,215.61,buy,1.0,
12535827,ETH-16026053,1588465756305,0,215.8,ETH-PERPETUAL,215.69,sell,1.0,
12535828,ETH-16026054,1588465756306,1,215.8,ETH-PERPETUAL,215.69,sell,1.0,
12535829,ETH-16026055,1588465757573,0,215.9,ETH-PERPETUAL,215.7,buy,15.0,
12535830,ETH-16026056,1588465757866,0,216.0,ETH-PERPETUAL,215.7,buy,168.0,
12535831,ETH-16026057,1588465759594,2,215.95,ETH-PERPETUAL,215.76,sell,200.0,
12535832,ETH-16026058,1588465759594,3,215.95,ETH-PERPETUAL,215.76,sell,100.0,
12535833,ETH-16026059,1588465759594,3,215.95,ETH-PERPETUAL,215.76,sell,500.0,
12535834,ETH-16026060,1588465759594,2,215.9,ETH-PERPETUAL,215.76,sell,5.0,
12535835,ETH-16026061,1588465759594,2,215.85,ETH-PERPETUAL,215.76,sell,4.0,
12535836,ETH-16026062,1588465759594,3,215.85,ETH-PERPETUAL,215.76,sell,4191.0,
12535837,ETH-16026063,1588465762971,3,215.85,ETH-PERPETUAL,215.77,buy,750.0,
12535838,ETH-16026064,1588465764512,0,215.9,ETH-PERPETUAL,215.77,buy,500.0,
12535839,ETH-16026065,1588465764512,1,215.9,ETH-PERPETUAL,215.77,buy,200.0,
12535840,ETH-16026067,1588465779795,2,215.8,ETH-PERPETUAL,215.77,sell,500.0,
12535841,ETH-16026068,1588465791801,3,215.8,ETH-PERPETUAL,215.73,buy,5.0,
12535842,ETH-16026069,1588465791833,0,215.85,ETH-PERPETUAL,215.73,buy,3000.0,
12535843,ETH-16026070,1588465791833,1,215.85,ETH-PERPETUAL,215.73,buy,100.0,
12535844,ETH-16026074,1588465795574,0,215.9,ETH-PERPETUAL,215.82,sell,5.0,
12535845,ETH-16026075,1588465795574,1,215.9,ETH-PERPETUAL,215.82,sell,5.0,
12535846,ETH-16026076,1588465801345,0,216.0,ETH-PERPETUAL,215.78,buy,1.0,
12535847,ETH-16026077,1588465801903,0,216.05,ETH-PERPETUAL,215.79,buy,130.0,
12535848,ETH-16026078,1588465801903,1,216.05,ETH-PERPETUAL,215.79,buy,10.0,
12535849,ETH-16026079,1588465801903,1,216.05,ETH-PERPETUAL,215.79,buy,4.0,
12535850,ETH-16026080,1588465801908,0,216.1,ETH-PERPETUAL,215.79,buy,1483.0,
12535851,ETH-16026081,1588465801925,1,216.1,ETH-PERPETUAL,215.79,buy,3115.0,
12535852,ETH-16026082,1588465801927,1,216.1,ETH-PERPETUAL,215.79,buy,1116.0,
12535853,ETH-16026083,1588465801935,1,216.1,ETH-PERPETUAL,215.79,buy,1586.0,
12535854,ETH-16026084,1588465801944,1,216.1,ETH-PERPETUAL,215.79,buy,1065.0,
12535855,ETH-16026085,1588465801949,1,216.1,ETH-PERPETUAL,215.79,buy,1702.0,
12535856,ETH-16026086,1588465801951,1,216.1,ETH-PERPETUAL,215.79,buy,469.0,
12535857,ETH-16026087,1588465801951,1,216.1,ETH-PERPETUAL,215.79,buy,7.0,
12535858,ETH-16026090,1588465802095,0,216.15,ETH-PERPETUAL,215.79,buy,1081.0,
12535859,ETH-16026091,1588465802096,1,216.15,ETH-PERPETUAL,215.79,buy,1081.0,
12535860,ETH-16026095,1588465802187,0,216.2,ETH-PERPETUAL,215.79,buy,36.0,
12535861,ETH-16026096,1588465802187,1,216.2,ETH-PERPETUAL,215.79,buy,1847.0,
12535862,ETH-16026097,1588465802188,1,216.2,ETH-PERPETUAL,215.79,buy,920.0,
12535863,ETH-16026098,1588465802188,1,216.2,ETH-PERPETUAL,215.79,buy,6.0,
12535864,ETH-16026099,1588465802188,1,216.2,ETH-PERPETUAL,215.79,buy,599.0,
12535865,ETH-16026100,1588465802227,1,216.2,ETH-PERPETUAL,215.79,buy,1044.0,
12535866,ETH-16026101,1588465802232,1,216.2,ETH-PERPETUAL,215.79,buy,518.0,
12535867,ETH-16026102,1588465802232,1,216.2,ETH-PERPETUAL,215.79,buy,49.0,
12535868,ETH-16026103,1588465802232,0,216.25,ETH-PERPETUAL,215.79,buy,389.0,
12535869,ETH-16026104,1588465802238,2,216.2,ETH-PERPETUAL,215.79,buy,2162.0,
12535870,ETH-16026105,1588465802238,0,216.25,ETH-PERPETUAL,215.79,buy,381.0,
12535871,ETH-16026106,1588465802238,1,216.25,ETH-PERPETUAL,215.79,buy,11.0,
12535872,ETH-16026107,1588465802238,1,216.25,ETH-PERPETUAL,215.79,buy,2500.0,
12535873,ETH-16026108,1588465802238,1,216.25,ETH-PERPETUAL,215.79,buy,946.0,
12535874,ETH-16026109,1588465802285,2,216.15,ETH-PERPETUAL,215.79,sell,3331.0,
12535875,ETH-16026110,1588465802346,0,216.2,ETH-PERPETUAL,215.79,buy,881.0,
12535876,ETH-16026111,1588465802418,1,216.2,ETH-PERPETUAL,215.83,buy,1281.0,
12535877,ETH-16026115,1588465802430,0,216.25,ETH-PERPETUAL,215.83,buy,657.0,
12535878,ETH-16026116,1588465802430,1,216.25,ETH-PERPETUAL,215.83,buy,5226.0,
12535879,ETH-16026118,1588465802432,1,216.25,ETH-PERPETUAL,215.83,buy,1423.0,
12535880,ETH-16026123,1588465804632,0,216.3,ETH-PERPETUAL,215.97,buy,1603.0,
12535881,ETH-16026124,1588465804632,0,216.4,ETH-PERPETUAL,215.97,buy,770.0,
12535882,ETH-16026125,1588465804632,1,216.4,ETH-PERPETUAL,215.97,buy,249.0,
12535883,ETH-16026126,1588465804636,1,216.4,ETH-PERPETUAL,215.97,buy,251.0,
12535884,ETH-16026127,1588465804636,1,216.4,ETH-PERPETUAL,215.97,buy,2164.0,
12535885,ETH-16026128,1588465804636,0,216.45,ETH-PERPETUAL,215.97,buy,6385.0,
12535886,ETH-16026129,1588465804641,2,216.4,ETH-PERPETUAL,215.97,buy,800.0,
12535887,ETH-16026130,1588465805748,3,216.4,ETH-PERPETUAL,215.98,buy,120.0,T
12535888,ETH-16026131,1588465806656,3,216.4,ETH-PERPETUAL,215.99,buy,1160.0,
12535889,ETH-16026132,1588465807162,3,216.4,ETH-PERPETUAL,215.99,buy,292.0,
12535890,ETH-16026133,1588465807809,3,216.4,ETH-PERPETUAL,216.05,buy,319.0,T
12535891,ETH-16026134,1588465807809,3,216.4,ETH-PERPETUAL,216.05,buy,128.0,T
12535892,ETH-16026140,1588465811256,2,216.35,ETH-PERPETUAL,216.14,sell,500.0,
12535893,ETH-16026141,1588465811256,3,216.35,ETH-PERPETUAL,216.14,sell,200.0,
12535894,ETH-16026142,1588465811256,3,216.35,ETH-PERPETUAL,216.14,sell,1300.0,
12535895,ETH-16026143,1588465811290,3,216.35,ETH-PERPETUAL,216.14,sell,1194.0,
12535896,ETH-16026144,1588465811296,3,216.35,ETH-PERPETUAL,216.14,sell,1260.0,
12535897,ETH-16026145,1588465811299,3,216.35,ETH-PERPETUAL,216.14,sell,1107.0,
12535898,ETH-16026146,1588465811305,3,216.35,ETH-PERPETUAL,216.14,sell,15389.0,
12535899,ETH-16026147,1588465811305,3,216.35,ETH-PERPETUAL,216.14,sell,100.0,
12535900,ETH-16026148,1588465811305,3,216.35,ETH-PERPETUAL,216.14,sell,5.0,
12535901,ETH-16026149,1588465811305,3,216.35,ETH-PERPETUAL,216.14,sell,49.0,
12535902,ETH-16026155,1588465811456,2,216.25,ETH-PERPETUAL,216.12,sell,1072.0,
12535903,ETH-16026156,1588465811628,2,216.2,ETH-PERPETUAL,216.12,sell,5.0,
12535904,ETH-16026157,1588465811722,3,216.2,ETH-PERPETUAL,216.12,buy,200.0,
12535905,ETH-16026158,1588465811722,3,216.2,ETH-PERPETUAL,216.12,buy,100.0,
12535906,ETH-16026162,1588465811748,3,216.2,ETH-PERPETUAL,216.12,sell,1834.0,
12535907,ETH-16026163,1588465811758,3,216.2,ETH-PERPETUAL,216.12,sell,3266.0,
12535908,ETH-16026166,1588465811948,3,216.2,ETH-PERPETUAL,216.12,buy,500.0,
12535909,ETH-16026167,1588465811948,3,216.2,ETH-PERPETUAL,216.12,buy,7918.0,
12535910,ETH-16026168,1588465811962,2,216.15,ETH-PERPETUAL,216.12,sell,110.0,
12535911,ETH-16026169,1588465813849,0,216.3,ETH-PERPETUAL,216.08,buy,127.0,
12535912,ETH-16026170,1588465813849,1,216.3,ETH-PERPETUAL,216.08,buy,62.0,
12535913,ETH-16026171,1588465813849,0,216.35,ETH-PERPETUAL,216.08,buy,1811.0,
12535914,ETH-16026172,1588465813859,1,216.35,ETH-PERPETUAL,216.08,buy,556.0,
12535915,ETH-16026173,1588465813859,1,216.35,ETH-PERPETUAL,216.08,buy,328.0,
12535916,ETH-16026174,1588465813859,1,216.35,ETH-PERPETUAL,216.08,buy,1989.0,
12535917,ETH-16026175,1588465818977,0,216.4,ETH-PERPETUAL,216.17,buy,2.0,
12535918,ETH-16026176,1588465818977,1,216.4,ETH-PERPETUAL,216.17,buy,500.0,
12535919,ETH-16026177,1588465818977,1,216.4,ETH-PERPETUAL,216.17,buy,44.0,
12535920,ETH-16026178,1588465820179,0,216.45,ETH-PERPETUAL,216.17,buy,1454.0,
12535921,ETH-16026182,1588465821289,1,216.45,ETH-PERPETUAL,216.17,buy,52.0,
12535922,ETH-16026183,1588465821476,0,216.5,ETH-PERPETUAL,216.17,buy,25.0,
12535923,ETH-16026184,1588465821476,1,216.5,ETH-PERPETUAL,216.17,buy,61.0,
12535924,ETH-16026185,1588465821503,1,216.5,ETH-PERPETUAL,216.17,buy,939.0,
12535925,ETH-16026186,1588465821503,1,216.5,ETH-PERPETUAL,216.17,buy,80.0,
12535926,ETH-16026187,1588465821503,0,216.55,ETH-PERPETUAL,216.17,buy,228.0,
12535927,ETH-16026188,1588465821515,2,216.45,ETH-PERPETUAL,216.19,sell,10.0,
12535928,ETH-16026198,1588465824195,0,216.5,ETH-PERPETUAL,216.24,sell,200.0,
12535929,ETH-16026199,1588465824195,1,216.5,ETH-PERPETUAL,216.24,sell,100.0,
12535930,ETH-16026204,1588465827435,2,216.35,ETH-PERPETUAL,216.24,buy,36.0,
12535931,ETH-16026205,1588465827435,0,216.4,ETH-PERPETUAL,216.24,buy,100.0,
12535932,ETH-16026206,1588465827435,1,216.4,ETH-PERPETUAL,216.24,buy,200.0,
12535933,ETH-16026207,1588465827435,0,216.45,ETH-PERPETUAL,216.24,buy,2754.0,
12535934,ETH-16026208,1588465827951,1,216.45,ETH-PERPETUAL,216.24,buy,246.0,
12535935,ETH-16026209,1588465828102,0,216.5,ETH-PERPETUAL,216.24,buy,1400.0,
12535936,ETH-16026210,1588465828111,1,216.5,ETH-PERPETUAL,216.24,buy,1600.0,
12535937,ETH-16026211,1588465828111,1,216.5,ETH-PERPETUAL,216.24,buy,10.0,
12535938,ETH-16026212,1588465828167,0,216.55,ETH-PERPETUAL,216.24,buy,542.0,
12535939,ETH-16026213,1588465828167,1,216.55,ETH-PERPETUAL,216.24,buy,456.0,
12535940,ETH-16026214,1588465828346,1,216.55,ETH-PERPETUAL,216.24,buy,956.0,
12535941,ETH-16026217,1588465829366,0,216.65,ETH-PERPETUAL,216.26,buy,36.0,
12535942,ETH-16026218,1588465829366,1,216.65,ETH-PERPETUAL,216.26,buy,49.0,
12535943,ETH-16026219,1588465829366,1,216.65,ETH-PERPETUAL,216.26,buy,215.0,
12535944,ETH-16026223,1588465830507,2,216.6,ETH-PERPETUAL,216.31,buy,50.0,
12535945,ETH-16026224,1588465830507,3,216.6,ETH-PERPETUAL,216.31,buy,500.0,
12535946,ETH-16026225,1588465830507,0,216.65,ETH-PERPETUAL,216.31,buy,500.0,
12535947,ETH-16026226,1588465830507,0,216.7,ETH-PERPETUAL,216.31,buy,770.0,
12535948,ETH-16026227,1588465830507,0,216.75,ETH-PERPETUAL,216.31,buy,500.0,
12535949,ETH-16026228,1588465830507,0,216.8,ETH-PERPETUAL,216.31,buy,50.0,
12535950,ETH-16026229,1588465830507,1,216.8,ETH-PERPETUAL,216.31,buy,2130.0,
12535951,ETH-16026230,1588465830525,1,216.8,ETH-PERPETUAL,216.31,buy,39.0,
12535952,ETH-16026231,1588465830525,0,216.85,ETH-PERPETUAL,216.31,buy,961.0,
12535953,ETH-16026234,1588465831833,2,216.65,ETH-PERPETUAL,216.35,buy,70.0,T
12535954,ETH-16026235,1588465834865,2,216.55,ETH-PERPETUAL,216.39,sell,5.0,
12535955,ETH-16026236,1588465834865,3,216.55,ETH-PERPETUAL,216.39,sell,100.0,
12535956,ETH-16026237,1588465834865,3,216.55,ETH-PERPETUAL,216.39,sell,1899.0,
12535957,ETH-16026238,1588465835910,0,216.6,ETH-PERPETUAL,216.41,buy,1180.0,
12535958,ETH-16026239,1588465837754,0,216.65,ETH-PERPETUAL,216.43,buy,48.0,
12535959,ETH-16026240,1588465837754,1,216.65,ETH-PERPETUAL,216.43,buy,1.0,
12535960,ETH-16026242,1588465839202,0,216.7,ETH-PERPETUAL,216.48,buy,49.0,
12535961,ETH-16026243,1588465842394,1,216.7,ETH-PERPETUAL,216.54,buy,42.0,
12535962,ETH-16026244,1588465842845,0,216.75,ETH-PERPETUAL,216.52,buy,130.0,
12535963,ETH-16026245,1588465842845,0,216.8,ETH-PERPETUAL,216.52,buy,5.0,
12535964,ETH-16026246,1588465842845,0,216.85,ETH-PERPETUAL,216.52,buy,1865.0,
12535965,ETH-16026254,1588465843791,1,216.85,ETH-PERPETUAL,216.56,buy,2000.0,
12535966,ETH-16026255,1588465843846,1,216.85,ETH-PERPETUAL,216.56,buy,2135.0,
12535967,ETH-16026258,1588465843988,0,216.9,ETH-PERPETUAL,216.56,buy,456.0,
12535968,ETH-16026261,1588465844156,1,216.9,ETH-PERPETUAL,216.56,buy,314.0,
12535969,ETH-16026262,1588465844156,1,216.9,ETH-PERPETUAL,216.56,buy,90.0,
12535970,ETH-16026263,1588465844620,1,216.9,ETH-PERPETUAL,216.56,sell,1.0,
12535971,ETH-16026264,1588465846835,1,216.9,ETH-PERPETUAL,216.64,sell,49.0,
12535972,ETH-16026267,1588465847341,2,216.85,ETH-PERPETUAL,216.64,sell,86.0,
12535973,ETH-16026270,1588465847932,2,216.7,ETH-PERPETUAL,216.66,sell,1.0,
12535974,ETH-16026275,1588465848229,2,216.65,ETH-PERPETUAL,216.66,sell,5.0,
12535975,ETH-16026276,1588465848280,3,216.65,ETH-PERPETUAL,216.66,sell,5.0,
12535976,ETH-16026277,1588465848280,3,216.65,ETH-PERPETUAL,216.66,sell,3993.0,
12535977,ETH-16026281,1588465849662,0,216.8,ETH-PERPETUAL,216.63,buy,45.0,
12535978,ETH-16026282,1588465849662,1,216.8,ETH-PERPETUAL,216.63,buy,100.0,
12535979,ETH-16026285,1588465850714,0,216.95,ETH-PERPETUAL,216.74,buy,50.0,
12535980,ETH-16026286,1588465851210,1,216.95,ETH-PERPETUAL,216.74,buy,450.0,
12535981,ETH-16026288,1588465851310,0,217.0,ETH-PERPETUAL,216.74,buy,25.0,
12535982,ETH-16026289,1588465851310,1,217.0,ETH-PERPETUAL,216.74,buy,10.0,
12535983,ETH-16026290,1588465851310,1,217.0,ETH-PERPETUAL,216.74,buy,1.0,
12535984,ETH-16026291,1588465851310,1,217.0,ETH-PERPETUAL,216.74,buy,50.0,
12535985,ETH-16026292,1588465851310,1,217.0,ETH-PERPETUAL,216.74,buy,10.0,
12535986,ETH-16026295,1588465851808,2,216.95,ETH-PERPETUAL,216.76,sell,3.0,
12535987,ETH-16026296,1588465852007,0,217.0,ETH-PERPETUAL,216.76,buy,500.0,
12535988,ETH-16026297,1588465852007,1,217.0,ETH-PERPETUAL,216.76,buy,3434.0,
12535989,ETH-16026298,1588465852375,2,216.9,ETH-PERPETUAL,216.76,sell,100.0,
12535990,ETH-16026299,1588465852375,3,216.9,ETH-PERPETUAL,216.76,sell,199.0,
12535991,ETH-16026300,1588465852854,0,216.95,ETH-PERPETUAL,216.78,buy,100.0,
12535992,ETH-16026301,1588465852854,0,217.0,ETH-PERPETUAL,216.78,buy,317.0,
12535993,ETH-16026302,1588465852862,1,217.0,ETH-PERPETUAL,216.78,buy,1583.0,
12535994,ETH-16026303,1588465852915,1,217.0,ETH-PERPETUAL,216.78,buy,1266.0,
12535995,ETH-16026304,1588465852915,1,217.0,ETH-PERPETUAL,216.78,buy,500.0,
12535996,ETH-16026305,1588465852915,1,217.0,ETH-PERPETUAL,216.78,buy,3.0,
12535997,ETH-16026306,1588465852915,1,217.0,ETH-PERPETUAL,216.78,buy,231.0,
12535998,ETH-16026307,1588465854029,1,217.0,ETH-PERPETUAL,216.86,buy,299.0,
12535999,ETH-16026311,1588465855068,2,216.95,ETH-PERPETUAL,216.85,buy,54.0,
12536000,ETH-16026312,1588465855266,2,216.9,ETH-PERPETUAL,216.85,sell,100.0,
12536001,ETH-16026313,1588465855266,3,216.9,ETH-PERPETUAL,216.85,sell,1.0,
12536002,ETH-16026314,1588465856392,3,216.9,ETH-PERPETUAL,216.82,buy,500.0,
12536003,ETH-16026315,1588465856575,3,216.9,ETH-PERPETUAL,216.82,buy,500.0,
12536004,ETH-16026316,1588465856800,3,216.9,ETH-PERPETUAL,216.75,buy,500.0,
12536005,ETH-16026317,1588465856950,3,216.9,ETH-PERPETUAL,216.75,buy,500.0,
12536006,ETH-16026318,1588465857161,3,216.9,ETH-PERPETUAL,216.75,buy,171.0,
12536007,ETH-16026319,1588465857161,3,216.9,ETH-PERPETUAL,216.75,buy,328.0,
12536008,ETH-16026320,1588465857376,3,216.9,ETH-PERPETUAL,216.75,buy,101.0,
12536009,ETH-16026321,1588465857725,3,216.9,ETH-PERPETUAL,216.75,buy,14571.0,
12536010,ETH-16026322,1588465857725,3,216.9,ETH-PERPETUAL,216.75,buy,129.0,
12536011,ETH-16026323,1588465857737,3,216.9,ETH-PERPETUAL,216.75,buy,71.0,
12536012,ETH-16026324,1588465857737,3,216.9,ETH-PERPETUAL,216.75,buy,43.0,
12536013,ETH-16026325,1588465858217,0,217.0,ETH-PERPETUAL,216.76,buy,1.0,
12536014,ETH-16026326,1588465858548,0,217.05,ETH-PERPETUAL,216.76,buy,770.0,
12536015,ETH-16026327,1588465858548,1,217.05,ETH-PERPETUAL,216.76,buy,130.0,
12536016,ETH-16026328,1588465858679,1,217.05,ETH-PERPETUAL,216.76,buy,4498.0,
12536017,ETH-16026329,1588465858695,1,217.05,ETH-PERPETUAL,216.76,buy,15638.0,
12536018,ETH-16026330,1588465858695,0,217.1,ETH-PERPETUAL,216.76,buy,500.0,
12536019,ETH-16026331,1588465858695,1,217.1,ETH-PERPETUAL,216.76,buy,3850.0,
12536020,ETH-16026332,1588465859182,2,217.05,ETH-PERPETUAL,216.81,sell,3.0,
12536021,ETH-16026333,1588465859783,3,217.05,ETH-PERPETUAL,216.82,sell,197.0,
12536022,ETH-16026334,1588465861478,2,217.0,ETH-PERPETUAL,216.83,sell,5.0,
12536023,ETH-16026335,1588465861478,3,217.0,ETH-PERPETUAL,216.83,sell,539.0,
12536024,ETH-16026336,1588465861628,0,217.1,ETH-PERPETUAL,216.83,buy,46.0,
12536025,ETH-16026337,1588465861628,1,217.1,ETH-PERPETUAL,216.83,buy,4.0,
12536026,ETH-16026338,1588465861628,0,217.15,ETH-PERPETUAL,216.83,buy,36.0,
12536027,ETH-16026339,1588465861628,1,217.15,ETH-PERPETUAL,216.83,buy,23.0,
12536028,ETH-16026340,1588465861628,0,217.2,ETH-PERPETUAL,216.83,buy,200.0,
12536029,ETH-16026341,1588465861628,1,217.2,ETH-PERPETUAL,216.83,buy,283.0,
12536030,ETH-16026342,1588465861714,1,217.2,ETH-PERPETUAL,216.83,buy,1889.0,
12536031,ETH-16026343,1588465861714,1,217.2,ETH-PERPETUAL,216.83,buy,49.0,
12536032,ETH-16026344,1588465861714,0,217.25,ETH-PERPETUAL,216.83,buy,770.0,
12536033,ETH-16026345,1588465861714,1,217.25,ETH-PERPETUAL,216.83,buy,5.0,
12536034,ETH-16026346,1588465861714,0,217.3,ETH-PERPETUAL,216.83,buy,320.0,
12536035,ETH-16026347,1588465861714,1,217.3,ETH-PERPETUAL,216.83,buy,1967.0,
12536036,ETH-16026349,1588465862070,2,217.15,ETH-PERPETUAL,216.85,buy,2171.0,
12536037,ETH-16026351,1588465862072,0,217.25,ETH-PERPETUAL,216.85,buy,500.0,
12536038,ETH-16026355,1588465862665,2,217.15,ETH-PERPETUAL,216.85,sell,4.0,
12536039,ETH-16026356,1588465862995,0,217.3,ETH-PERPETUAL,216.95,buy,4.0,
12536040,ETH-16026357,1588465863220,0,217.35,ETH-PERPETUAL,216.95,buy,281.0,
12536041,ETH-16026358,1588465863681,1,217.35,ETH-PERPETUAL,216.95,buy,45.0,
12536042,ETH-16026359,1588465863681,1,217.35,ETH-PERPETUAL,216.95,buy,586.0,
12536043,ETH-16026360,1588465863744,1,217.35,ETH-PERPETUAL,216.95,sell,3.0,
12536044,ETH-16026361,1588465863830,0,217.4,ETH-PERPETUAL,217.0,buy,770.0,
12536045,ETH-16026362,1588465863830,1,217.4,ETH-PERPETUAL,217.0,buy,400.0,
12536046,ETH-16026363,1588465863854,0,217.45,ETH-PERPETUAL,217.0,buy,1500.0,
12536047,ETH-16026366,1588465864178,2,217.4,ETH-PERPETUAL,217.0,sell,1.0,
12536048,ETH-16026367,1588465864374,0,217.45,ETH-PERPETUAL,217.0,buy,300.0,
12536049,ETH-16026368,1588465864452,1,217.45,ETH-PERPETUAL,217.0,buy,499.0,
12536050,ETH-16026369,1588465864560,1,217.45,ETH-PERPETUAL,217.0,buy,500.0,
12536051,ETH-16026370,1588465864603,2,217.4,ETH-PERPETUAL,217.0,sell,2.0,
12536052,ETH-16026371,1588465864649,3,217.4,ETH-PERPETUAL,217.0,sell,495.0,
12536053,ETH-16026372,1588465865398,2,217.35,ETH-PERPETUAL,217.0,buy,200.0,
12536054,ETH-16026373,1588465865398,3,217.35,ETH-PERPETUAL,217.0,buy,1363.0,
12536055,ETH-16026374,1588465865419,3,217.35,ETH-PERPETUAL,217.0,buy,500.0,
12536056,ETH-16026375,1588465865655,2,217.3,ETH-PERPETUAL,217.0,sell,49.0,
12536057,ETH-16026376,1588465866585,0,217.35,ETH-PERPETUAL,217.02,buy,2537.0,
12536058,ETH-16026377,1588465866585,1,217.35,ETH-PERPETUAL,217.02,buy,49.0,
12536059,ETH-16026378,1588465866585,0,217.4,ETH-PERPETUAL,217.02,buy,500.0,
12536060,ETH-16026379,1588465866585,1,217.4,ETH-PERPETUAL,217.02,buy,500.0,
12536061,ETH-16026380,1588465866585,0,217.45,ETH-PERPETUAL,217.02,buy,1411.0,
12536062,ETH-16026381,1588465867651,2,217.3,ETH-PERPETUAL,217.08,sell,500.0,
12536063,ETH-16026382,1588465867651,2,217.2,ETH-PERPETUAL,217.08,sell,500.0,
12536064,ETH-16026383,1588465868201,3,217.2,ETH-PERPETUAL,217.08,sell,10.0,
12536065,ETH-16026384,1588465868701,0,217.3,ETH-PERPETUAL,217.08,buy,500.0,
12536066,ETH-16026385,1588465868728,0,217.35,ETH-PERPETUAL,217.08,buy,1.0,
12536067,ETH-16026386,1588465868728,1,217.35,ETH-PERPETUAL,217.08,buy,584.0,
12536068,ETH-16026387,1588465870712,0,217.4,ETH-PERPETUAL,217.09,buy,37.0,
12536069,ETH-16026388,1588465870712,0,217.45,ETH-PERPETUAL,217.09,buy,810.0,
12536070,ETH-16026389,1588465870721,1,217.45,ETH-PERPETUAL,217.09,buy,2000.0,
12536071,ETH-16026390,1588465870862,1,217.45,ETH-PERPETUAL,217.11,buy,2980.0,
12536072,ETH-16026391,1588465870925,0,217.5,ETH-PERPETUAL,217.11,buy,29.0,
12536073,ETH-16026392,1588465870925,1,217.5,ETH-PERPETUAL,217.11,buy,25.0,
12536074,ETH-16026393,1588465870925,1,217.5,ETH-PERPETUAL,217.11,buy,1572.0,
12536075,ETH-16026394,1588465870926,1,217.5,ETH-PERPETUAL,217.11,buy,1503.0,
12536076,ETH-16026395,1588465870942,1,217.5,ETH-PERPETUAL,217.11,buy,500.0,
12536077,ETH-16026396,1588465870950,1,217.5,ETH-PERPETUAL,217.11,buy,123.0,
12536078,ETH-16026398,1588465870984,1,217.5,ETH-PERPETUAL,217.11,buy,2573.0,
12536079,ETH-16026399,1588465870987,1,217.5,ETH-PERPETUAL,217.11,buy,1229.0,
12536080,ETH-16026400,1588465870987,1,217.5,ETH-PERPETUAL,217.11,buy,770.0,
12536081,ETH-16026401,1588465870987,1,217.5,ETH-PERPETUAL,217.11,buy,1.0,
12536082,ETH-16026404,1588465871047,0,217.6,ETH-PERPETUAL,217.11,buy,50.0,
12536083,ETH-16026405,1588465871047,1,217.6,ETH-PERPETUAL,217.11,buy,36.0,
12536084,ETH-16026406,1588465871047,1,217.6,ETH-PERPETUAL,217.11,buy,114.0,
12536085,ETH-16026407,1588465871052,1,217.6,ETH-PERPETUAL,217.11,buy,250.0,
12536086,ETH-16026408,1588465871266,0,217.65,ETH-PERPETUAL,217.11,buy,133.0,
12536087,ETH-16026409,1588465871437,2,217.55,ETH-PERPETUAL,217.11,sell,5.0,
12536088,ETH-16026410,1588465872032,3,217.55,ETH-PERPETUAL,217.18,sell,195.0,
12536089,ETH-16026411,1588465872034,3,217.55,ETH-PERPETUAL,217.18,sell,5.0,
12536090,ETH-16026413,1588465872413,2,217.5,ETH-PERPETUAL,217.18,sell,5.0,
12536091,ETH-16026414,1588465872836,3,217.5,ETH-PERPETUAL,217.18,buy,4100.0,
12536092,ETH-16026415,1588465872836,0,217.55,ETH-PERPETUAL,217.18,buy,6600.0,
12536093,ETH-16026416,1588465872836,1,217.55,ETH-PERPETUAL,217.18,buy,2175.0,
12536094,ETH-16026417,1588465872836,0,217.6,ETH-PERPETUAL,217.18,buy,500.0,
12536095,ETH-16026418,1588465872836,1,217.6,ETH-PERPETUAL,217.18,buy,500.0,
12536096,ETH-16026419,1588465872836,1,217.6,ETH-PERPETUAL,217.18,buy,54.0,
12536097,ETH-16026420,1588465872836,1,217.6,ETH-PERPETUAL,217.18,buy,200.0,
12536098,ETH-16026421,1588465872836,0,217.65,ETH-PERPETUAL,217.18,buy,637.0,
12536099,ETH-16026422,1588465872836,1,217.65,ETH-PERPETUAL,217.18,buy,10.0,
12536100,ETH-16026423,1588465872836,0,217.7,ETH-PERPETUAL,217.18,buy,30.0,
12536101,ETH-16026424,1588465872836,1,217.7,ETH-PERPETUAL,217.18,buy,8822.0,
12536102,ETH-16026425,1588465872836,0,217.75,ETH-PERPETUAL,217.18,buy,8710.0,
12536103,ETH-16026426,1588465872836,0,217.8,ETH-PERPETUAL,217.18,buy,50.0,
12536104,ETH-16026427,1588465872836,1,217.8,ETH-PERPETUAL,217.18,buy,2500.0,
12536105,ETH-16026428,1588465872836,1,217.8,ETH-PERPETUAL,217.18,buy,500.0,
12536106,ETH-16026429,1588465872836,1,217.8,ETH-PERPETUAL,217.18,buy,770.0,
12536107,ETH-16026430,1588465872836,1,217.8,ETH-PERPETUAL,217.18,buy,500.0,
12536108,ETH-16026431,1588465872836,1,217.8,ETH-PERPETUAL,217.18,buy,475.0,
12536109,ETH-16026432,1588465872836,1,217.8,ETH-PERPETUAL,217.18,buy,1000.0,
12536110,ETH-16026433,1588465872836,0,217.85,ETH-PERPETUAL,217.18,buy,10000.0,
12536111,ETH-16026434,1588465872836,1,217.85,ETH-PERPETUAL,217.18,buy,2500.0,
12536112,ETH-16026435,1588465872836,1,217.85,ETH-PERPETUAL,217.18,buy,7559.0,
12536113,ETH-16026436,1588465872836,1,217.85,ETH-PERPETUAL,217.18,buy,14000.0,
12536114,ETH-16026437,1588465872836,0,217.9,ETH-PERPETUAL,217.18,buy,50.0,
12536115,ETH-16026438,1588465872836,1,217.9,ETH-PERPETUAL,217.18,buy,2758.0,
12536116,ETH-16026439,1588465872858,2,217.55,ETH-PERPETUAL,217.18,buy,500.0,
12536117,ETH-16026440,1588465872858,3,217.55,ETH-PERPETUAL,217.18,buy,1675.0,
12536118,ETH-16026441,1588465872858,3,217.55,ETH-PERPETUAL,217.18,buy,1000.0,
12536119,ETH-16026442,1588465872858,0,217.9,ETH-PERPETUAL,217.18,buy,1610.0,
12536120,ETH-16026443,1588465872859,1,217.9,ETH-PERPETUAL,217.18,buy,1000.0,
12536121,ETH-16026445,1588465872908,2,217.55,ETH-PERPETUAL,217.15,buy,1000.0,
12536122,ETH-16026446,1588465873089,3,217.55,ETH-PERPETUAL,217.15,buy,1175.0,
12536123,ETH-16026447,1588465873089,3,217.55,ETH-PERPETUAL,217.15,buy,2200.0,
12536124,ETH-16026448,1588465873089,3,217.55,ETH-PERPETUAL,217.15,buy,1625.0,
12536125,ETH-16026449,1588465873141,2,217.5,ETH-PERPETUAL,217.15,sell,5.0,
12536126,ETH-16026450,1588465873141,3,217.5,ETH-PERPETUAL,217.15,sell,300.0,
12536127,ETH-16026451,1588465873756,2,217.45,ETH-PERPETUAL,217.15,sell,105.0,
12536128,ETH-16026452,1588465874090,0,217.5,ETH-PERPETUAL,217.15,buy,200.0,
12536129,ETH-16026453,1588465874090,1,217.5,ETH-PERPETUAL,217.15,buy,130.0,
12536130,ETH-16026454,1588465874090,0,217.55,ETH-PERPETUAL,217.15,buy,1375.0,
12536131,ETH-16026455,1588465874090,1,217.55,ETH-PERPETUAL,217.15,buy,20.0,
12536132,ETH-16026456,1588465874635,1,217.55,ETH-PERPETUAL,217.15,buy,5.0,
12536133,ETH-16026457,1588465874635,1,217.55,ETH-PERPETUAL,217.15,buy,701.0,
12536134,ETH-16026458,1588465874653,1,217.55,ETH-PERPETUAL,217.15,buy,500.0,
12536135,ETH-16026459,1588465874735,1,217.55,ETH-PERPETUAL,217.15,buy,32.0,
12536136,ETH-16026460,1588465874989,1,217.55,ETH-PERPETUAL,217.22,buy,882.0,
12536137,ETH-16026461,1588465876123,1,217.55,ETH-PERPETUAL,217.24,buy,1.0,
12536138,ETH-16026462,1588465876123,1,217.55,ETH-PERPETUAL,217.24,buy,42.0,
12536139,ETH-16026463,1588465876123,0,217.6,ETH-PERPETUAL,217.24,buy,736.0,
12536140,ETH-16026464,1588465876123,0,217.7,ETH-PERPETUAL,217.24,buy,707.0,
12536141,ETH-16026465,1588465876516,2,217.6,ETH-PERPETUAL,217.24,sell,2.0,
12536142,ETH-16026466,1588465876565,0,217.65,ETH-PERPETUAL,217.24,sell,5.0,
12536143,ETH-16026467,1588465876565,1,217.65,ETH-PERPETUAL,217.24,sell,1074.0,
12536144,ETH-16026468,1588465876800,1,217.65,ETH-PERPETUAL,217.24,sell,1.0,
12536145,ETH-16026469,1588465878820,1,217.65,ETH-PERPETUAL,217.27,buy,65.0,
12536146,ETH-16026470,1588465878876,1,217.65,ETH-PERPETUAL,217.27,buy,435.0,
12536147,ETH-16026471,1588465878876,1,217.65,ETH-PERPETUAL,217.27,buy,33.0,
12536148,ETH-16026472,1588465879945,0,217.7,ETH-PERPETUAL,217.33,buy,1.0,
12536149,ETH-16026473,1588465879945,1,217.7,ETH-PERPETUAL,217.33,buy,5.0,
12536150,ETH-16026474,1588465879945,1,217.7,ETH-PERPETUAL,217.33,buy,1526.0,
12536151,ETH-16026475,1588465879958,1,217.7,ETH-PERPETUAL,217.33,buy,652.0,
12536152,ETH-16026476,1588465879958,1,217.7,ETH-PERPETUAL,217.33,buy,2500.0,
12536153,ETH-16026477,1588465880365,0,217.8,ETH-PERPETUAL,217.33,buy,728.0,
12536154,ETH-16026478,1588465880365,1,217.8,ETH-PERPETUAL,217.33,buy,500.0,
12536155,ETH-16026479,1588465880365,0,217.85,ETH-PERPETUAL,217.33,buy,516.0,
12536156,ETH-16026480,1588465880365,1,217.85,ETH-PERPETUAL,217.33,buy,2178.0,
12536157,ETH-16026481,1588465880365,1,217.85,ETH-PERPETUAL,217.33,buy,49.0,
12536158,ETH-16026482,1588465880365,0,217.9,ETH-PERPETUAL,217.33,buy,1028.0,
12536159,ETH-16026483,1588465880366,2,217.6,ETH-PERPETUAL,217.33,sell,200.0,
12536160,ETH-16026484,1588465880366,3,217.6,ETH-PERPETUAL,217.33,sell,2008.0,
12536161,ETH-16026485,1588465880367,0,217.9,ETH-PERPETUAL,217.33,buy,1972.0,
12536162,ETH-16026486,1588465880367,1,217.9,ETH-PERPETUAL,217.33,buy,500.0,
12536163,ETH-16026487,1588465880367,0,217.95,ETH-PERPETUAL,217.33,buy,378.0,
12536164,ETH-16026488,1588465880377,2,217.8,ETH-PERPETUAL,217.33,buy,2178.0,
12536165,ETH-16026489,1588465880377,0,217.95,ETH-PERPETUAL,217.33,buy,672.0,
12536166,ETH-16026490,1588465880420,2,217.8,ETH-PERPETUAL,217.33,buy,47.0,
12536167,ETH-16026492,1588465880430,3,217.8,ETH-PERPETUAL,217.33,buy,2131.0,
12536168,ETH-16026493,1588465880439,0,217.85,ETH-PERPETUAL,217.33,buy,2178.0,
12536169,ETH-16026494,1588465880439,0,217.95,ETH-PERPETUAL,217.33,buy,2775.0,
12536170,ETH-16026498,1588465880458,2,217.85,ETH-PERPETUAL,217.33,buy,2178.0,
12536171,ETH-16026499,1588465880458,0,217.95,ETH-PERPETUAL,217.33,buy,340.0,
12536172,ETH-16026500,1588465880527,2,217.85,ETH-PERPETUAL,217.33,buy,500.0,
12536173,ETH-16026501,1588465880649,0,217.9,ETH-PERPETUAL,217.33,buy,500.0,
12536174,ETH-16026502,1588465880651,2,217.8,ETH-PERPETUAL,217.33,sell,2.0,
12536175,ETH-16026503,1588465880657,0,217.9,ETH-PERPETUAL,217.33,buy,1114.0,
12536176,ETH-16026507,1588465880669,1,217.9,ETH-PERPETUAL,217.33,buy,565.0,
12536177,ETH-16026508,1588465880674,1,217.9,ETH-PERPETUAL,217.33,buy,400.0,
12536178,ETH-16026509,1588465880680,1,217.9,ETH-PERPETUAL,217.33,buy,1779.0,
12536179,ETH-16026510,1588465880903,1,217.9,ETH-PERPETUAL,217.33,buy,4.0,
12536180,ETH-16026512,1588465880933,1,217.9,ETH-PERPETUAL,217.43,buy,1304.0,
12536181,ETH-16026514,1588465880947,2,217.85,ETH-PERPETUAL,217.43,sell,4.0,
12536182,ETH-16026515,1588465880979,0,217.9,ETH-PERPETUAL,217.43,buy,871.0,
12536183,ETH-16026518,1588465881226,1,217.9,ETH-PERPETUAL,217.43,sell,139.0,
12536184,ETH-16026519,1588465881279,0,217.95,ETH-PERPETUAL,217.43,buy,3.0,
12536185,ETH-16026520,1588465881460,1,217.95,ETH-PERPETUAL,217.43,buy,46.0,
12536186,ETH-16026521,1588465881460,1,217.95,ETH-PERPETUAL,217.43,buy,589.0,
12536187,ETH-16026522,1588465881460,1,217.95,ETH-PERPETUAL,217.43,buy,53.0,
12536188,ETH-16026523,1588465881460,0,218.0,ETH-PERPETUAL,217.43,buy,5.0,
12536189,ETH-16026524,1588465881460,1,218.0,ETH-PERPETUAL,217.43,buy,2.0,
12536190,ETH-16026525,1588465881460,1,218.0,ETH-PERPETUAL,217.43,buy,4.0,
12536191,ETH-16026526,1588465881460,1,218.0,ETH-PERPETUAL,217.43,buy,10.0,
12536192,ETH-16026527,1588465881460,1,218.0,ETH-PERPETUAL,217.43,buy,2.0,
12536193,ETH-16026528,1588465881460,1,218.0,ETH-PERPETUAL,217.43,buy,250.0,
12536194,ETH-16026529,1588465881460,1,218.0,ETH-PERPETUAL,217.43,buy,10.0,
12536195,ETH-16026530,1588465881460,1,218.0,ETH-PERPETUAL,217.43,buy,50.0,
12536196,ETH-16026531,1588465881460,1,218.0,ETH-PERPETUAL,217.43,buy,25.0,
12536197,ETH-16026532,1588465881460,1,218.0,ETH-PERPETUAL,217.43,buy,100.0,
12536198,ETH-16026533,1588465881460,1,218.0,ETH-PERPETUAL,217.43,buy,885.0,
12536199,ETH-16026534,1588465881468,1,218.0,ETH-PERPETUAL,217.43,buy,115.0,
12536200,ETH-16026535,1588465881468,1,218.0,ETH-PERPETUAL,217.43,buy,200.0,
12536201,ETH-16026536,1588465881468,1,218.0,ETH-PERPETUAL,217.43,buy,1.0,
12536202,ETH-16026537,1588465881468,1,218.0,ETH-PERPETUAL,217.43,buy,100.0,
12536203,ETH-16026538,1588465881468,0,218.05,ETH-PERPETUAL,217.43,buy,36.0,
12536204,ETH-16026539,1588465881468,1,218.05,ETH-PERPETUAL,217.43,buy,2180.0,
12536205,ETH-16026540,1588465881468,0,218.1,ETH-PERPETUAL,217.43,buy,1770.0,
12536206,ETH-16026541,1588465881468,1,218.1,ETH-PERPETUAL,217.43,buy,3598.0,
12536207,ETH-16026543,1588465881679,2,218.0,ETH-PERPETUAL,217.43,sell,2.0,
12536208,ETH-16026544,1588465881681,3,218.0,ETH-PERPETUAL,217.43,sell,3.0,
12536209,ETH-16026545,1588465881759,3,218.0,ETH-PERPETUAL,217.43,sell,500.0,
12536210,ETH-16026547,1588465882006,2,217.9,ETH-PERPETUAL,217.5,sell,3.0,
12536211,ETH-16026548,1588465882040,3,217.9,ETH-PERPETUAL,217.5,sell,26.0,
12536212,ETH-16026549,1588465882040,2,217.8,ETH-PERPETUAL,217.5,sell,124.0,
12536213,ETH-16026550,1588465882749,0,217.95,ETH-PERPETUAL,217.5,buy,200.0,
12536214,ETH-16026552,1588465882963,0,218.0,ETH-PERPETUAL,217.51,buy,500.0,
12536215,ETH-16026553,1588465882963,1,218.0,ETH-PERPETUAL,217.51,buy,2180.0,
12536216,ETH-16026554,1588465882963,1,218.0,ETH-PERPETUAL,217.51,buy,49.0,
12536217,ETH-16026555,1588465882963,1,218.0,ETH-PERPETUAL,217.51,buy,2271.0,
12536218,ETH-16026556,1588465883964,1,218.0,ETH-PERPETUAL,217.6,buy,49.0,
12536219,ETH-16026557,1588465884056,1,218.0,ETH-PERPETUAL,217.6,buy,1.0,
12536220,ETH-16026558,1588465884554,1,218.0,ETH-PERPETUAL,217.6,buy,49.0,
12536221,ETH-16026559,1588465884554,0,218.05,ETH-PERPETUAL,217.6,buy,787.0,
12536222,ETH-16026563,1588465884763,2,218.0,ETH-PERPETUAL,217.6,sell,5.0,
12536223,ETH-16026564,1588465884763,3,218.0,ETH-PERPETUAL,217.6,sell,1995.0,
12536224,ETH-16026566,1588465884772,3,218.0,ETH-PERPETUAL,217.6,sell,6362.0,
12536225,ETH-16026568,1588465884913,2,217.95,ETH-PERPETUAL,217.6,sell,500.0,
12536226,ETH-16026569,1588465884913,3,217.95,ETH-PERPETUAL,217.6,sell,1000.0,
12536227,ETH-16026570,1588465884919,3,217.95,ETH-PERPETUAL,217.6,sell,1700.0,
12536228,ETH-16026571,1588465884922,3,217.95,ETH-PERPETUAL,217.6,sell,1019.0,
12536229,ETH-16026572,1588465884960,3,217.95,ETH-PERPETUAL,217.62,buy,4164.0,
12536230,ETH-16026573,1588465885004,2,217.9,ETH-PERPETUAL,217.62,sell,2600.0,
12536231,ETH-16026575,1588465885353,2,217.85,ETH-PERPETUAL,217.62,sell,3311.0,
12536232,ETH-16026576,1588465885356,3,217.85,ETH-PERPETUAL,217.62,sell,2250.0,
12536233,ETH-16026577,1588465885371,3,217.85,ETH-PERPETUAL,217.62,sell,50.0,
12536234,ETH-16026581,1588465885558,2,217.8,ETH-PERPETUAL,217.62,buy,200.0,
12536235,ETH-16026582,1588465885558,3,217.8,ETH-PERPETUAL,217.62,buy,100.0,
12536236,ETH-16026583,1588465885558,3,217.8,ETH-PERPETUAL,217.62,buy,200.0,
12536237,ETH-16026584,1588465885679,3,217.8,ETH-PERPETUAL,217.62,buy,1231.0,
12536238,ETH-16026585,1588465885785,2,217.75,ETH-PERPETUAL,217.62,sell,1800.0,
12536239,ETH-16026586,1588465885785,3,217.75,ETH-PERPETUAL,217.62,sell,126.0,
12536240,ETH-16026587,1588465886417,2,217.65,ETH-PERPETUAL,217.63,sell,496.0,
12536241,ETH-16026588,1588465886417,2,217.6,ETH-PERPETUAL,217.63,sell,748.0,
12536242,ETH-16026590,1588465887241,0,217.7,ETH-PERPETUAL,217.61,sell,2.0,
12536243,ETH-16026591,1588465887412,0,217.75,ETH-PERPETUAL,217.61,buy,500.0,
12536244,ETH-16026592,1588465887412,1,217.75,ETH-PERPETUAL,217.61,buy,24.0,
12536245,ETH-16026593,1588465887412,0,217.8,ETH-PERPETUAL,217.61,buy,2326.0,
12536246,ETH-16026594,1588465887824,2,217.75,ETH-PERPETUAL,217.61,buy,57.0,
12536247,ETH-16026595,1588465887841,3,217.75,ETH-PERPETUAL,217.61,buy,20.0,
12536248,ETH-16026596,1588465887858,3,217.75,ETH-PERPETUAL,217.61,buy,633.0,
12536249,ETH-16026597,1588465887858,3,217.75,ETH-PERPETUAL,217.61,buy,453.0,
12536250,ETH-16026599,1588465888617,2,217.7,ETH-PERPETUAL,217.61,sell,72.0,
12536251,ETH-16026600,1588465890417,3,217.7,ETH-PERPETUAL,217.57,sell,1.0,
12536252,ETH-16026601,1588465890417,3,217.7,ETH-PERPETUAL,217.57,sell,1660.0,
12536253,ETH-16026602,1588465890418,3,217.7,ETH-PERPETUAL,217.57,sell,5865.0,
12536254,ETH-16026603,1588465890506,3,217.7,ETH-PERPETUAL,217.57,sell,1000.0,
12536255,ETH-16026604,1588465890507,3,217.7,ETH-PERPETUAL,217.57,sell,16475.0,
12536256,ETH-16026605,1588465890507,3,217.7,ETH-PERPETUAL,217.57,sell,1.0,
12536257,ETH-16026606,1588465891127,2,217.6,ETH-PERPETUAL,217.52,sell,316.0,
12536258,ETH-16026607,1588465891127,3,217.6,ETH-PERPETUAL,217.52,sell,531.0,
12536259,ETH-16026608,1588465891127,3,217.6,ETH-PERPETUAL,217.52,sell,982.0,
12536260,ETH-16026609,1588465891128,3,217.6,ETH-PERPETUAL,217.52,sell,2940.0,
12536261,ETH-16026610,1588465891137,3,217.6,ETH-PERPETUAL,217.52,sell,1377.0,
12536262,ETH-16026612,1588465891377,2,217.5,ETH-PERPETUAL,217.52,sell,49.0,
12536263,ETH-16026613,1588465891377,3,217.5,ETH-PERPETUAL,217.52,sell,500.0,
12536264,ETH-16026616,1588465891418,3,217.5,ETH-PERPETUAL,217.52,sell,1377.0,
12536265,ETH-16026617,1588465891431,3,217.5,ETH-PERPETUAL,217.52,sell,1052.0,
12536266,ETH-16026618,1588465891924,2,217.45,ETH-PERPETUAL,217.52,sell,1385.0,
12536267,ETH-16026619,1588465891960,3,217.45,ETH-PERPETUAL,217.52,sell,736.0,
12536268,ETH-16026620,1588465891963,3,217.45,ETH-PERPETUAL,217.52,sell,1009.0,
12536269,ETH-16026621,1588465892162,3,217.45,ETH-PERPETUAL,217.45,sell,1923.0,
12536270,ETH-16026622,1588465892184,3,217.45,ETH-PERPETUAL,217.45,sell,18077.0,
12536271,ETH-16026623,1588465892184,3,217.45,ETH-PERPETUAL,217.45,sell,500.0,
12536272,ETH-16026624,1588465892469,2,217.3,ETH-PERPETUAL,217.45,sell,87.0,
12536273,ETH-16026625,1588465892486,0,217.4,ETH-PERPETUAL,217.45,sell,4100.0,
12536274,ETH-16026626,1588465892487,1,217.4,ETH-PERPETUAL,217.45,sell,200.0,
12536275,ETH-16026627,1588465892507,2,217.15,ETH-PERPETUAL,217.45,sell,49.0,
12536276,ETH-16026628,1588465892979,3,217.15,ETH-PERPETUAL,217.45,sell,51.0,
12536277,ETH-16026629,1588465892979,3,217.15,ETH-PERPETUAL,217.45,sell,686.0,
12536278,ETH-16026630,1588465894387,0,217.2,ETH-PERPETUAL,217.27,sell,15.0,
12536279,ETH-16026631,1588465894387,1,217.2,ETH-PERPETUAL,217.27,sell,49.0,
12536280,ETH-16026632,1588465894387,1,217.2,ETH-PERPETUAL,217.27,sell,2.0,
12536281,ETH-16026633,1588465894387,1,217.2,ETH-PERPETUAL,217.27,sell,545.0,
12536282,ETH-16026634,1588465894387,1,217.2,ETH-PERPETUAL,217.27,sell,49.0,
12536283,ETH-16026635,1588465894387,1,217.2,ETH-PERPETUAL,217.27,sell,1340.0,
12536284,ETH-16026636,1588465895380,0,217.25,ETH-PERPETUAL,217.2,buy,2000.0,
12536285,ETH-16026637,1588465896105,1,217.25,ETH-PERPETUAL,217.19,buy,169.0,
12536286,ETH-16026638,1588465896177,1,217.25,ETH-PERPETUAL,217.19,buy,2172.0,
12536287,ETH-16026639,1588465896180,1,217.25,ETH-PERPETUAL,217.19,buy,2172.0,
12536288,ETH-16026646,1588465897203,0,217.5,ETH-PERPETUAL,217.22,buy,49.0,
12536289,ETH-16026647,1588465897203,1,217.5,ETH-PERPETUAL,217.22,buy,130.0,
12536290,ETH-16026648,1588465900322,2,217.45,ETH-PERPETUAL,217.17,sell,5.0,
12536291,ETH-16026657,1588465902704,2,217.3,ETH-PERPETUAL,217.16,sell,200.0,
12536292,ETH-16026658,1588465902704,3,217.3,ETH-PERPETUAL,217.16,sell,1370.0,
12536293,ETH-16026659,1588465902704,3,217.3,ETH-PERPETUAL,217.16,sell,23660.0,
12536294,ETH-16026660,1588465902704,2,217.25,ETH-PERPETUAL,217.16,sell,100.0,
12536295,ETH-16026661,1588465902973,0,217.3,ETH-PERPETUAL,217.16,buy,100.0,
12536296,ETH-16026662,1588465902973,1,217.3,ETH-PERPETUAL,217.16,buy,200.0,
12536297,ETH-16026663,1588465902973,1,217.3,ETH-PERPETUAL,217.16,buy,49.0,
12536298,ETH-16026664,1588465902973,0,217.4,ETH-PERPETUAL,217.16,buy,2174.0,
12536299,ETH-16026665,1588465902973,1,217.4,ETH-PERPETUAL,217.16,buy,200.0,
12536300,ETH-16026666,1588465902973,0,217.45,ETH-PERPETUAL,217.16,buy,5.0,
12536301,ETH-16026667,1588465902973,1,217.45,ETH-PERPETUAL,217.16,buy,122.0,
12536302,ETH-16026668,1588465903285,2,217.4,ETH-PERPETUAL,217.16,buy,553.0,
12536303,ETH-16026669,1588465903285,0,217.45,ETH-PERPETUAL,217.16,buy,1550.0,
12536304,ETH-16026670,1588465903285,1,217.45,ETH-PERPETUAL,217.16,buy,434.0,
12536305,ETH-16026671,1588465903285,0,217.5,ETH-PERPETUAL,217.16,buy,313.0,
12536306,ETH-16026672,1588465904464,0,217.55,ETH-PERPETUAL,217.18,buy,87.0,
12536307,ETH-16026673,1588465905337,2,217.5,ETH-PERPETUAL,217.19,buy,2850.0,
12536308,ETH-16026674,1588465906438,2,217.4,ETH-PERPETUAL,217.19,sell,4.0,
12536309,ETH-16026675,1588465907105,0,217.45,ETH-PERPETUAL,217.19,sell,100.0,
12536310,ETH-16026676,1588465907105,1,217.45,ETH-PERPETUAL,217.19,sell,200.0,
12536311,ETH-16026680,1588465908998,2,217.25,ETH-PERPETUAL,217.19,sell,4.0,
12536312,ETH-16026682,1588465910316,3,217.25,ETH-PERPETUAL,217.15,sell,15.0,
12536313,ETH-16026683,1588465910316,3,217.25,ETH-PERPETUAL,217.15,sell,72.0,
12536314,ETH-16026684,1588465910925,3,217.25,ETH-PERPETUAL,217.15,sell,1227.0,
12536315,ETH-16026685,1588465912663,3,217.25,ETH-PERPETUAL,217.13,sell,8.0,
12536316,ETH-16026690,1588465913249,2,217.1,ETH-PERPETUAL,217.1,sell,770.0,
12536317,ETH-16026691,1588465913249,3,217.1,ETH-PERPETUAL,217.1,sell,926.0,
12536318,ETH-16026693,1588465913305,3,217.1,ETH-PERPETUAL,217.1,sell,24074.0,
12536319,ETH-16026694,1588465913305,3,217.1,ETH-PERPETUAL,217.1,sell,49.0,
12536320,ETH-16026696,1588465913844,2,217.0,ETH-PERPETUAL,217.1,sell,1.0,
12536321,ETH-16026697,1588465913844,3,217.0,ETH-PERPETUAL,217.1,sell,85.0,
12536322,ETH-16026698,1588465914666,0,217.05,ETH-PERPETUAL,217.04,sell,1.0,
12536323,ETH-16026699,1588465914666,1,217.05,ETH-PERPETUAL,217.04,sell,3056.0,
12536324,ETH-16026700,1588465914905,0,217.1,ETH-PERPETUAL,217.04,buy,100.0,
12536325,ETH-16026701,1588465914905,1,217.1,ETH-PERPETUAL,217.04,buy,200.0,
12536326,ETH-16026702,1588465917604,2,217.05,ETH-PERPETUAL,216.94,sell,1.0,
12536327,ETH-16026703,1588465917604,3,217.05,ETH-PERPETUAL,216.94,sell,10.0,
12536328,ETH-16026704,1588465917604,3,217.05,ETH-PERPETUAL,216.94,sell,26.0,
12536329,ETH-16026705,1588465917604,3,217.05,ETH-PERPETUAL,216.94,sell,4600.0,
12536330,ETH-16026706,1588465919455,0,217.1,ETH-PERPETUAL,216.92,buy,49.0,
12536331,ETH-16026707,1588465919455,1,217.1,ETH-PERPETUAL,216.92,buy,1.0,
12536332,ETH-16026708,1588465919455,1,217.1,ETH-PERPETUAL,216.92,buy,1.0,
12536333,ETH-16026709,1588465926968,0,217.15,ETH-PERPETUAL,216.95,buy,20.0,
12536334,ETH-16026710,1588465926968,1,217.15,ETH-PERPETUAL,216.95,buy,4.0,
12536335,ETH-16026711,1588465926968,1,217.15,ETH-PERPETUAL,216.95,buy,1.0,
12536336,ETH-16026712,1588465926968,1,217.15,ETH-PERPETUAL,216.95,buy,1.0,
12536337,ETH-16026713,1588465926968,1,217.15,ETH-PERPETUAL,216.95,buy,49.0,
12536338,ETH-16026714,1588465926968,1,217.15,ETH-PERPETUAL,216.95,buy,130.0,
12536339,ETH-16026716,1588465927475,0,217.3,ETH-PERPETUAL,216.95,buy,153.0,
12536340,ETH-16026717,1588465927475,1,217.3,ETH-PERPETUAL,216.95,buy,868.0,
12536341,ETH-16026718,1588465927476,1,217.3,ETH-PERPETUAL,216.95,buy,1305.0,
12536342,ETH-16026719,1588465927476,1,217.3,ETH-PERPETUAL,216.95,buy,328.0,
12536343,ETH-16026720,1588465927476,1,217.3,ETH-PERPETUAL,216.95,buy,1492.0,
12536344,ETH-16026721,1588465929510,1,217.3,ETH-PERPETUAL,217.01,sell,111.0,
12536345,ETH-16026722,1588465929510,1,217.3,ETH-PERPETUAL,217.01,sell,100.0,
12536346,ETH-16026723,1588465929510,1,217.3,ETH-PERPETUAL,217.01,sell,140.0,
12536347,ETH-16026724,1588465933356,0,217.35,ETH-PERPETUAL,217.08,buy,1.0,
12536348,ETH-16026725,1588465934803,0,217.4,ETH-PERPETUAL,217.12,buy,2000.0,
12536349,ETH-16026726,1588465934805,1,217.4,ETH-PERPETUAL,217.12,buy,174.0,
12536350,ETH-16026727,1588465934874,0,217.5,ETH-PERPETUAL,217.12,buy,31.0,
12536351,ETH-16026728,1588465935471,1,217.5,ETH-PERPETUAL,217.15,buy,130.0,
12536352,ETH-16026729,1588465935471,1,217.5,ETH-PERPETUAL,217.15,buy,1.0,
12536353,ETH-16026732,1588465938415,1,217.5,ETH-PERPETUAL,217.2,sell,60.0,
12536354,ETH-16026733,1588465938415,1,217.5,ETH-PERPETUAL,217.2,sell,1400.0,
12536355,ETH-16026734,1588465939432,2,217.45,ETH-PERPETUAL,217.26,sell,540.0,
12536356,ETH-16026735,1588465943649,3,217.45,ETH-PERPETUAL,217.28,sell,798.0,
12536357,ETH-16026736,1588465943649,3,217.45,ETH-PERPETUAL,217.28,sell,1.0,
12536358,ETH-16026740,1588465944608,2,217.4,ETH-PERPETUAL,217.24,buy,13.0,
12536359,ETH-16026741,1588465945370,3,217.4,ETH-PERPETUAL,217.24,buy,3.0,
12536360,ETH-16026742,1588465945370,3,217.4,ETH-PERPETUAL,217.24,buy,594.0,
12536361,ETH-16026743,1588465948719,3,217.4,ETH-PERPETUAL,217.22,buy,3.0,
12536362,ETH-16026744,1588465948719,0,217.45,ETH-PERPETUAL,217.22,buy,5.0,
12536363,ETH-16026745,1588465951021,1,217.45,ETH-PERPETUAL,217.23,buy,6.0,
12536364,ETH-16026746,1588465953033,0,217.5,ETH-PERPETUAL,217.27,buy,3.0,
12536365,ETH-16026747,1588465953513,1,217.5,ETH-PERPETUAL,217.26,buy,127.0,
12536366,ETH-16026748,1588465953513,1,217.5,ETH-PERPETUAL,217.26,buy,1.0,
12536367,ETH-16026749,1588465953762,1,217.5,ETH-PERPETUAL,217.26,buy,6.0,
12536368,ETH-16026750,1588465961095,2,217.45,ETH-PERPETUAL,217.33,sell,1.0,
12536369,ETH-16026751,1588465961095,3,217.45,ETH-PERPETUAL,217.33,sell,596.0,
12536370,ETH-16026752,1588465961351,2,217.4,ETH-PERPETUAL,217.33,sell,524.0,
12536371,ETH-16026753,1588465969090,3,217.4,ETH-PERPETUAL,217.23,buy,130.0,
12536372,ETH-16026754,1588465971701,0,217.45,ETH-PERPETUAL,217.28,sell,1.0,
12536373,ETH-16026755,1588465987740,1,217.45,ETH-PERPETUAL,217.26,buy,4.0,
12536374,ETH-16026756,1588465994964,2,217.35,ETH-PERPETUAL,217.24,sell,133.0,
12536375,ETH-16026757,1588465995124,3,217.35,ETH-PERPETUAL,217.24,sell,67.0,
12536376,ETH-16026758,1588465995124,3,217.35,ETH-PERPETUAL,217.24,sell,3.0,
12536377,ETH-16026759,1588465995969,2,217.3,ETH-PERPETUAL,217.23,buy,100.0,
12536378,ETH-16026760,1588465995969,3,217.3,ETH-PERPETUAL,217.23,buy,200.0,
12536379,ETH-16026761,1588465996379,0,217.4,ETH-PERPETUAL,217.23,buy,2.0,
12536380,ETH-16026765,1588465996659,1,217.4,ETH-PERPETUAL,217.23,buy,128.0,
12536381,ETH-16026766,1588465998756,1,217.4,ETH-PERPETUAL,217.23,sell,300.0,
12536382,ETH-16026767,1588465998767,1,217.4,ETH-PERPETUAL,217.23,sell,444.0,
12536383,ETH-16026770,1588465999346,2,217.3,ETH-PERPETUAL,217.23,sell,10.0,
12536384,ETH-16026771,1588466000178,2,217.25,ETH-PERPETUAL,217.17,sell,581.0,
12536385,ETH-16026772,1588466004123,3,217.25,ETH-PERPETUAL,217.13,sell,12.0,
12536386,ETH-16026773,1588466006445,0,217.3,ETH-PERPETUAL,217.11,buy,250.0,
12536387,ETH-16026775,1588466008380,2,217.25,ETH-PERPETUAL,217.08,buy,200.0,
12536388,ETH-16026776,1588466009550,2,217.2,ETH-PERPETUAL,217.08,sell,10.0,
12536389,ETH-16026777,1588466009682,2,217.15,ETH-PERPETUAL,217.08,sell,542.0,
12536390,ETH-16026778,1588466012483,2,217.1,ETH-PERPETUAL,217.01,sell,18.0,
12536391,ETH-16026779,1588466017566,2,217.05,ETH-PERPETUAL,216.92,sell,19.0,
12536392,ETH-16026780,1588466017776,2,217.0,ETH-PERPETUAL,216.92,sell,1.0,
12536393,ETH-16026781,1588466017803,2,216.9,ETH-PERPETUAL,216.92,sell,500.0,
12536394,ETH-16026782,1588466017803,3,216.9,ETH-PERPETUAL,216.92,sell,770.0,
12536395,ETH-16026783,1588466017803,3,216.9,ETH-PERPETUAL,216.92,sell,730.0,
12536396,ETH-16026784,1588466018193,3,216.9,ETH-PERPETUAL,216.9,sell,1233.0,
12536397,ETH-16026785,1588466018890,3,216.9,ETH-PERPETUAL,216.77,buy,116.0,
12536398,ETH-16026786,1588466018890,3,216.9,ETH-PERPETUAL,216.77,buy,3527.0,
12536399,ETH-16026789,1588466022718,0,216.95,ETH-PERPETUAL,216.79,sell,149.0,
12536400,ETH-16026790,1588466023214,1,216.95,ETH-PERPETUAL,216.77,sell,150.0,
12536401,ETH-16026791,1588466031303,2,216.9,ETH-PERPETUAL,216.69,buy,500.0,
12536402,ETH-16026792,1588466031303,3,216.9,ETH-PERPETUAL,216.69,buy,1.0,
12536403,ETH-16026793,1588466040745,0,216.95,ETH-PERPETUAL,216.73,buy,216.0,
12536404,ETH-16026794,1588466040757,1,216.95,ETH-PERPETUAL,216.73,buy,1.0,
12536405,ETH-16026795,1588466040757,1,216.95,ETH-PERPETUAL,216.73,buy,4.0,
12536406,ETH-16026796,1588466044462,0,217.1,ETH-PERPETUAL,216.83,buy,130.0,
12536407,ETH-16026797,1588466048884,0,217.15,ETH-PERPETUAL,216.89,sell,100.0,
12536408,ETH-16026798,1588466048884,1,217.15,ETH-PERPETUAL,216.89,sell,50.0,
12536409,ETH-16026799,1588466050444,2,217.1,ETH-PERPETUAL,216.89,sell,19.0,
12536410,ETH-16026800,1588466056424,3,217.1,ETH-PERPETUAL,216.94,buy,458.0,
12536411,ETH-16026801,1588466061951,0,217.2,ETH-PERPETUAL,216.97,buy,1210.0,
12536412,ETH-16026802,1588466062362,1,217.2,ETH-PERPETUAL,216.98,buy,130.0,
12536413,ETH-16026803,1588466062801,0,217.25,ETH-PERPETUAL,216.98,buy,1000.0,
12536414,ETH-16026805,1588466064264,0,217.3,ETH-PERPETUAL,217.0,buy,2174.0,
12536415,ETH-16026806,1588466064267,1,217.3,ETH-PERPETUAL,217.0,buy,2173.0,
12536416,ETH-16026809,1588466068103,0,217.4,ETH-PERPETUAL,217.09,buy,2.0,
12536417,ETH-16026811,1588466068620,0,217.45,ETH-PERPETUAL,217.08,buy,18.0,
12536418,ETH-16026812,1588466068621,1,217.45,ETH-PERPETUAL,217.08,buy,250.0,
12536419,ETH-16026813,1588466072117,2,217.4,ETH-PERPETUAL,217.18,sell,1482.0,
12536420,ETH-16026814,1588466080066,2,217.3,ETH-PERPETUAL,217.1,buy,130.0,
12536421,ETH-16026815,1588466080066,3,217.3,ETH-PERPETUAL,217.1,buy,4.0,
12536422,ETH-16026816,1588466084412,0,217.4,ETH-PERPETUAL,217.16,buy,2174.0,
12536423,ETH-16026817,1588466084412,1,217.4,ETH-PERPETUAL,217.16,buy,11.0,
12536424,ETH-16026818,1588466084776,0,217.55,ETH-PERPETUAL,217.16,buy,500.0,
