trade_seq,trade_id,timestamp,tick_direction,price,instrument_name,index_price,direction,amount
12491444,ETH-15969806,1588291201702,2,206.1,ETH-PERPETUAL,206.2,sell,2403.0
12491445,ETH-15969807,1588291201702,2,206.05,ETH-PERPETUAL,206.2,sell,1017.0
12491446,ETH-15969808,1588291207356,0,206.1,ETH-PERPETUAL,206.16,buy,200.0
12491447,ETH-15969809,1588291207356,1,206.1,ETH-PERPETUAL,206.16,buy,100.0
12491448,ETH-15969810,1588291207381,0,206.15,ETH-PERPETUAL,206.16,buy,609.0
12491449,ETH-15969811,1588291220138,1,206.15,ETH-PERPETUAL,206.19,buy,2361.0
12491450,ETH-15969812,1588291220141,1,206.15,ETH-PERPETUAL,206.19,buy,1500.0
12491451,ETH-15969816,1588291221124,1,206.15,ETH-PERPETUAL,206.22,buy,16590.0
12491452,ETH-15969817,1588291221124,1,206.15,ETH-PERPETUAL,206.22,buy,21.0
12491453,ETH-15969818,1588291221945,0,206.2,ETH-PERPETUAL,206.23,sell,100.0
12491454,ETH-15969819,1588291221945,1,206.2,ETH-PERPETUAL,206.23,sell,10.0
12491455,ETH-15969820,1588291223994,0,206.25,ETH-PERPETUAL,206.26,sell,190.0
12491456,ETH-15969821,1588291223994,1,206.25,ETH-PERPETUAL,206.26,sell,3000.0
12491457,ETH-15969828,1588291230097,2,206.2,ETH-PERPETUAL,206.26,sell,500.0
12491458,ETH-15969829,1588291238428,0,206.3,ETH-PERPETUAL,206.34,buy,16.0
12491459,ETH-15969830,1588291238428,1,206.3,ETH-PERPETUAL,206.34,buy,1.0
12491460,ETH-15969831,1588291238428,1,206.3,ETH-PERPETUAL,206.34,buy,1.0
12491461,ETH-15969832,1588291239048,1,206.3,ETH-PERPETUAL,206.35,buy,11.0
12491462,ETH-15969833,1588291241568,0,206.35,ETH-PERPETUAL,206.39,buy,3.0
12491463,ETH-15969834,1588291242002,1,206.35,ETH-PERPETUAL,206.41,buy,12.0
12491464,ETH-15969835,1588291242546,0,206.4,ETH-PERPETUAL,206.41,buy,10.0
12491465,ETH-15969836,1588291245351,0,206.45,ETH-PERPETUAL,206.45,buy,8.0
12491466,ETH-15969837,1588291246104,0,206.55,ETH-PERPETUAL,206.51,buy,500.0
12491467,ETH-15969838,1588291246104,1,206.55,ETH-PERPETUAL,206.51,buy,3257.0
12491468,ETH-15969839,1588291246605,1,206.55,ETH-PERPETUAL,206.51,buy,1743.0
12491469,ETH-15969840,1588291246605,1,206.55,ETH-PERPETUAL,206.51,buy,2.0
12491470,ETH-15969841,1588291256111,0,206.7,ETH-PERPETUAL,206.73,buy,1.0
12491471,ETH-15969842,1588291262713,0,206.8,ETH-PERPETUAL,206.75,buy,2.0
12491472,ETH-15969843,1588291262713,1,206.8,ETH-PERPETUAL,206.75,buy,1.0
12491473,ETH-15969844,1588291265300,0,206.95,ETH-PERPETUAL,206.89,buy,354.0
12491474,ETH-15969845,1588291265651,1,206.95,ETH-PERPETUAL,206.89,buy,146.0
12491475,ETH-15969846,1588291265651,0,207.0,ETH-PERPETUAL,206.89,buy,1.0
12491476,ETH-15969847,1588291265651,1,207.0,ETH-PERPETUAL,206.89,buy,2.0
12491477,ETH-15969848,1588291265651,0,207.1,ETH-PERPETUAL,206.89,buy,497.0
12491478,ETH-15969850,1588291267863,1,207.1,ETH-PERPETUAL,206.96,buy,4.0
12491479,ETH-15969851,1588291270288,1,207.1,ETH-PERPETUAL,207.09,sell,30.0
12491480,ETH-15969852,1588291270734,1,207.1,ETH-PERPETUAL,207.09,buy,3000.0
12491481,ETH-15969853,1588291272860,0,207.15,ETH-PERPETUAL,207.16,buy,1.0
12491482,ETH-15969856,1588291275370,0,207.3,ETH-PERPETUAL,207.25,buy,2.0
12491483,ETH-15969857,1588291277564,1,207.3,ETH-PERPETUAL,207.34,sell,800.0
12491484,ETH-15969858,1588291277831,2,207.25,ETH-PERPETUAL,207.34,sell,800.0
12491485,ETH-15969859,1588291277831,3,207.25,ETH-PERPETUAL,207.34,sell,500.0
12491486,ETH-15969860,1588291277838,3,207.25,ETH-PERPETUAL,207.34,sell,800.0
12491487,ETH-15969861,1588291277850,3,207.25,ETH-PERPETUAL,207.34,sell,800.0
12491488,ETH-15969862,1588291277874,3,207.25,ETH-PERPETUAL,207.34,sell,800.0
12491489,ETH-15969863,1588291277883,3,207.25,ETH-PERPETUAL,207.34,sell,800.0
12491490,ETH-15969864,1588291277996,3,207.25,ETH-PERPETUAL,207.34,sell,800.0
12491491,ETH-15969865,1588291278020,3,207.25,ETH-PERPETUAL,207.34,sell,800.0
12491492,ETH-15969866,1588291278036,3,207.25,ETH-PERPETUAL,207.34,sell,800.0
12491493,ETH-15969867,1588291278246,2,207.2,ETH-PERPETUAL,207.32,sell,54.0
12491494,ETH-15969868,1588291278246,3,207.2,ETH-PERPETUAL,207.32,sell,353.0
12491495,ETH-15969869,1588291278248,3,207.2,ETH-PERPETUAL,207.32,sell,265.0
12491496,ETH-15969870,1588291278248,3,207.2,ETH-PERPETUAL,207.32,sell,800.0
12491497,ETH-15969871,1588291278566,3,207.2,ETH-PERPETUAL,207.32,sell,800.0
12491498,ETH-15969872,1588291278664,2,207.15,ETH-PERPETUAL,207.32,sell,1.0
12491499,ETH-15969873,1588291280056,3,207.15,ETH-PERPETUAL,207.28,sell,65.0
12491500,ETH-15969874,1588291280750,3,207.15,ETH-PERPETUAL,207.27,sell,1.0
12491501,ETH-15969875,1588291288144,0,207.2,ETH-PERPETUAL,207.23,buy,100.0
12491502,ETH-15969876,1588291288144,1,207.2,ETH-PERPETUAL,207.23,buy,110.0
12491503,ETH-15969877,1588291291077,0,207.3,ETH-PERPETUAL,207.34,sell,100.0
12491504,ETH-15969878,1588291291077,1,207.3,ETH-PERPETUAL,207.34,sell,270.0
12491505,ETH-15969879,1588291291113,1,207.3,ETH-PERPETUAL,207.34,sell,100.0
12491506,ETH-15969880,1588291300833,0,207.35,ETH-PERPETUAL,207.35,buy,322.0
12491507,ETH-15969881,1588291300835,1,207.35,ETH-PERPETUAL,207.35,buy,178.0
12491508,ETH-15969882,1588291303176,0,207.4,ETH-PERPETUAL,207.39,sell,38.0
12491509,ETH-15969883,1588291309613,2,207.25,ETH-PERPETUAL,207.33,sell,41.0
12491510,ETH-15969884,1588291311865,2,207.2,ETH-PERPETUAL,207.33,sell,600.0
12491511,ETH-15969885,1588291311877,3,207.2,ETH-PERPETUAL,207.33,sell,200.0
12491512,ETH-15969886,1588291311877,3,207.2,ETH-PERPETUAL,207.33,sell,28.0
12491513,ETH-15969887,1588291314234,2,207.15,ETH-PERPETUAL,207.28,sell,31.0
12491514,ETH-15969888,1588291319234,3,207.15,ETH-PERPETUAL,207.25,sell,2.0
12491515,ETH-15969889,1588291319234,3,207.15,ETH-PERPETUAL,207.25,sell,4698.0
12491516,ETH-15969890,1588291319245,3,207.15,ETH-PERPETUAL,207.25,sell,1940.0
12491517,ETH-15969891,1588291319247,3,207.15,ETH-PERPETUAL,207.25,sell,3000.0
12491518,ETH-15969892,1588291319248,3,207.15,ETH-PERPETUAL,207.25,sell,1700.0
12491519,ETH-15969893,1588291319256,3,207.15,ETH-PERPETUAL,207.25,sell,1400.0
12491520,ETH-15969894,1588291319258,3,207.15,ETH-PERPETUAL,207.25,sell,1400.0
12491521,ETH-15969895,1588291319259,3,207.15,ETH-PERPETUAL,207.25,sell,1200.0
12491522,ETH-15969896,1588291319260,3,207.15,ETH-PERPETUAL,207.25,sell,1100.0
12491523,ETH-15969897,1588291319262,3,207.15,ETH-PERPETUAL,207.25,sell,1000.0
12491524,ETH-15969898,1588291319263,3,207.15,ETH-PERPETUAL,207.25,sell,700.0
12491525,ETH-15969899,1588291319264,3,207.15,ETH-PERPETUAL,207.25,sell,2000.0
12491526,ETH-15969900,1588291319265,3,207.15,ETH-PERPETUAL,207.25,sell,2532.0
12491527,ETH-15969901,1588291327126,2,207.1,ETH-PERPETUAL,207.23,sell,10.0
12491528,ETH-15969902,1588291327126,3,207.1,ETH-PERPETUAL,207.23,sell,40.0
12491529,ETH-15969903,1588291327126,3,207.1,ETH-PERPETUAL,207.23,sell,7.0
12491530,ETH-15969904,1588291327126,3,207.1,ETH-PERPETUAL,207.23,sell,549.0
12491531,ETH-15969905,1588291327173,2,207.05,ETH-PERPETUAL,207.23,sell,1.0
12491532,ETH-15969906,1588291327173,3,207.05,ETH-PERPETUAL,207.23,sell,800.0
12491533,ETH-15969907,1588291327390,2,207.0,ETH-PERPETUAL,207.23,sell,2069.0
12491534,ETH-15969908,1588291327390,3,207.0,ETH-PERPETUAL,207.23,sell,800.0
12491535,ETH-15969909,1588291327806,2,206.95,ETH-PERPETUAL,207.2,sell,500.0
12491536,ETH-15969911,1588291329889,2,206.9,ETH-PERPETUAL,207.12,sell,500.0
12491537,ETH-15969912,1588291329889,3,206.9,ETH-PERPETUAL,207.12,sell,1.0
12491538,ETH-15969913,1588291337980,2,206.8,ETH-PERPETUAL,206.96,sell,6.0
12491539,ETH-15969914,1588291340955,3,206.8,ETH-PERPETUAL,206.91,buy,9.0
12491540,ETH-15969915,1588291346429,3,206.8,ETH-PERPETUAL,206.93,buy,500.0
12491541,ETH-15969916,1588291346429,0,206.85,ETH-PERPETUAL,206.93,buy,120.0
12491542,ETH-15969917,1588291346429,1,206.85,ETH-PERPETUAL,206.93,buy,1380.0
12491543,ETH-15969918,1588291346454,1,206.85,ETH-PERPETUAL,206.93,buy,120.0
12491544,ETH-15969919,1588291346454,1,206.85,ETH-PERPETUAL,206.93,buy,1.0
12491545,ETH-15969920,1588291346454,1,206.85,ETH-PERPETUAL,206.93,buy,100.0
12491546,ETH-15969921,1588291346454,1,206.85,ETH-PERPETUAL,206.93,buy,200.0
12491547,ETH-15969922,1588291346454,0,206.9,ETH-PERPETUAL,206.93,buy,118.0
12491548,ETH-15969923,1588291346454,1,206.9,ETH-PERPETUAL,206.93,buy,3000.0
12491549,ETH-15969924,1588291346454,0,206.95,ETH-PERPETUAL,206.93,buy,500.0
12491550,ETH-15969925,1588291346454,1,206.95,ETH-PERPETUAL,206.93,buy,957.0
12491551,ETH-15969926,1588291349657,2,206.9,ETH-PERPETUAL,206.98,buy,20.0
12491552,ETH-15969927,1588291350413,0,207.0,ETH-PERPETUAL,206.98,buy,500.0
12491553,ETH-15969928,1588291353696,1,207.0,ETH-PERPETUAL,207.09,sell,100.0
12491554,ETH-15969929,1588291353696,1,207.0,ETH-PERPETUAL,207.09,sell,200.0
12491555,ETH-15969930,1588291353696,1,207.0,ETH-PERPETUAL,207.09,sell,129.0
12491556,ETH-15969931,1588291353696,1,207.0,ETH-PERPETUAL,207.09,sell,129.0
12491557,ETH-15969932,1588291359602,2,206.9,ETH-PERPETUAL,207.04,sell,3.0
12491558,ETH-15969933,1588291372314,2,206.8,ETH-PERPETUAL,206.95,sell,500.0
12491559,ETH-15969934,1588291376266,3,206.8,ETH-PERPETUAL,206.9,sell,9.0
12491560,ETH-15969935,1588291379426,2,206.75,ETH-PERPETUAL,206.89,sell,20.0
12491561,ETH-15969936,1588291379426,3,206.75,ETH-PERPETUAL,206.89,sell,10.0
12491562,ETH-15969937,1588291379426,3,206.75,ETH-PERPETUAL,206.89,sell,300.0
12491563,ETH-15969938,1588291379426,3,206.75,ETH-PERPETUAL,206.89,sell,1800.0
12491564,ETH-15969939,1588291379426,3,206.75,ETH-PERPETUAL,206.89,sell,2.0
12491565,ETH-15969940,1588291379426,3,206.75,ETH-PERPETUAL,206.89,sell,1000.0
12491566,ETH-15969941,1588291380609,2,206.7,ETH-PERPETUAL,206.88,buy,100.0
12491567,ETH-15969942,1588291381147,0,206.75,ETH-PERPETUAL,206.86,buy,8781.0
12491568,ETH-15969943,1588291381148,1,206.75,ETH-PERPETUAL,206.86,buy,800.0
12491569,ETH-15969944,1588291381149,1,206.75,ETH-PERPETUAL,206.86,buy,2287.0
12491570,ETH-15969945,1588291382068,0,206.8,ETH-PERPETUAL,206.88,buy,14.0
12491571,ETH-15969946,1588291383031,0,206.95,ETH-PERPETUAL,206.93,buy,10.0
12491572,ETH-15969947,1588291383031,1,206.95,ETH-PERPETUAL,206.93,buy,614.0
12491573,ETH-15969948,1588291383031,1,206.95,ETH-PERPETUAL,206.93,buy,2.0
12491574,ETH-15969949,1588291388098,0,207.05,ETH-PERPETUAL,207.02,buy,500.0
12491575,ETH-15969950,1588291388098,1,207.05,ETH-PERPETUAL,207.02,buy,32.0
12491576,ETH-15969951,1588291388512,0,207.1,ETH-PERPETUAL,207.02,buy,4.0
12491577,ETH-15969952,1588291394005,0,207.15,ETH-PERPETUAL,207.18,buy,500.0
12491578,ETH-15969953,1588291394005,1,207.15,ETH-PERPETUAL,207.18,buy,1.0
12491579,ETH-15969954,1588291394005,1,207.15,ETH-PERPETUAL,207.18,buy,8.0
12491580,ETH-15969956,1588291394421,0,207.3,ETH-PERPETUAL,207.19,buy,500.0
12491581,ETH-15969957,1588291395316,0,207.4,ETH-PERPETUAL,207.3,buy,104.0
12491582,ETH-15969958,1588291400139,1,207.4,ETH-PERPETUAL,207.43,sell,100.0
12491583,ETH-15969959,1588291400139,1,207.4,ETH-PERPETUAL,207.43,sell,1.0
12491584,ETH-15969960,1588291400372,2,207.3,ETH-PERPETUAL,207.43,sell,3081.0
12491585,ETH-15969961,1588291400700,0,207.4,ETH-PERPETUAL,207.43,sell,37.0
12491586,ETH-15969962,1588291401448,2,207.25,ETH-PERPETUAL,207.39,buy,20.0
12491587,ETH-15969963,1588291401455,3,207.25,ETH-PERPETUAL,207.39,buy,10.0
12491588,ETH-15969964,1588291404631,2,207.2,ETH-PERPETUAL,207.35,sell,46.0
12491589,ETH-15969965,1588291407977,2,207.1,ETH-PERPETUAL,207.27,sell,30.0
12491590,ETH-15969966,1588291407977,3,207.1,ETH-PERPETUAL,207.27,sell,1.0
12491591,ETH-15969967,1588291415898,0,207.15,ETH-PERPETUAL,207.18,buy,14.0
12491592,ETH-15969968,1588291418198,0,207.2,ETH-PERPETUAL,207.17,sell,685.0
12491593,ETH-15969969,1588291424532,0,207.25,ETH-PERPETUAL,207.26,buy,2.0
12491594,ETH-15969970,1588291426548,0,207.3,ETH-PERPETUAL,207.28,buy,3.0
12491595,ETH-15969971,1588291433242,0,207.4,ETH-PERPETUAL,207.35,sell,11.0
12491596,ETH-15969972,1588291438316,2,207.35,ETH-PERPETUAL,207.35,sell,9.0
12491597,ETH-15969973,1588291438316,3,207.35,ETH-PERPETUAL,207.35,sell,3.0
12491598,ETH-15969974,1588291440052,3,207.35,ETH-PERPETUAL,207.34,buy,200.0
12491599,ETH-15969975,1588291440214,0,207.4,ETH-PERPETUAL,207.34,buy,2.0
12491600,ETH-15969976,1588291440518,0,207.45,ETH-PERPETUAL,207.34,buy,500.0
12491601,ETH-15969977,1588291440518,1,207.45,ETH-PERPETUAL,207.34,buy,110.0
12491602,ETH-15969980,1588291441533,0,207.55,ETH-PERPETUAL,207.41,buy,75.0
12491603,ETH-15969981,1588291441533,1,207.55,ETH-PERPETUAL,207.41,buy,170.0
12491604,ETH-15969982,1588291441533,1,207.55,ETH-PERPETUAL,207.41,buy,500.0
12491605,ETH-15969983,1588291441533,1,207.55,ETH-PERPETUAL,207.41,buy,4.0
12491606,ETH-15969984,1588291441835,0,207.6,ETH-PERPETUAL,207.41,buy,19.0
12491607,ETH-15969985,1588291441862,0,207.7,ETH-PERPETUAL,207.41,buy,80.0
12491608,ETH-15969986,1588291443099,2,207.6,ETH-PERPETUAL,207.49,sell,500.0
12491609,ETH-15969987,1588291447122,0,207.65,ETH-PERPETUAL,207.52,buy,2.0
12491610,ETH-15969988,1588291447859,0,207.7,ETH-PERPETUAL,207.53,sell,200.0
12491611,ETH-15969989,1588291447859,1,207.7,ETH-PERPETUAL,207.53,sell,30.0
12491612,ETH-15969990,1588291448145,2,207.65,ETH-PERPETUAL,207.53,sell,120.0
12491613,ETH-15969991,1588291448145,3,207.65,ETH-PERPETUAL,207.53,sell,126.0
12491614,ETH-15969992,1588291448331,2,207.6,ETH-PERPETUAL,207.53,sell,17.0
12491615,ETH-15969993,1588291451475,2,207.55,ETH-PERPETUAL,207.54,sell,311.0
12491616,ETH-15969994,1588291451497,3,207.55,ETH-PERPETUAL,207.54,sell,189.0
12491617,ETH-15969995,1588291451497,3,207.55,ETH-PERPETUAL,207.54,sell,5.0
12491618,ETH-15969996,1588291451526,2,207.5,ETH-PERPETUAL,207.54,sell,20.0
12491619,ETH-15969997,1588291451526,3,207.5,ETH-PERPETUAL,207.54,sell,1.0
12491620,ETH-15969999,1588291452745,2,207.45,ETH-PERPETUAL,207.48,sell,20.0
12491621,ETH-15970000,1588291457501,2,207.35,ETH-PERPETUAL,207.42,sell,1.0
12491622,ETH-15970001,1588291457501,3,207.35,ETH-PERPETUAL,207.42,sell,26.0
12491623,ETH-15970002,1588291457501,2,207.3,ETH-PERPETUAL,207.42,sell,2973.0
12491624,ETH-15970003,1588291464787,3,207.3,ETH-PERPETUAL,207.37,sell,19.0
12491625,ETH-15970004,1588291464787,3,207.3,ETH-PERPETUAL,207.37,sell,7.0
12491626,ETH-15970005,1588291464787,3,207.3,ETH-PERPETUAL,207.37,sell,1.0
12491627,ETH-15970006,1588291464787,3,207.3,ETH-PERPETUAL,207.37,sell,500.0
12491628,ETH-15970007,1588291466334,2,207.25,ETH-PERPETUAL,207.34,sell,2.0
12491629,ETH-15970008,1588291466334,3,207.25,ETH-PERPETUAL,207.34,sell,20.0
12491630,ETH-15970009,1588291466334,3,207.25,ETH-PERPETUAL,207.34,sell,10.0
12491631,ETH-15970010,1588291493945,2,207.15,ETH-PERPETUAL,207.26,sell,1.0
12491632,ETH-15970016,1588291502876,0,207.25,ETH-PERPETUAL,207.27,buy,4.0
12491633,ETH-15970017,1588291503380,0,207.3,ETH-PERPETUAL,207.27,buy,20.0
12491634,ETH-15970018,1588291504533,0,207.35,ETH-PERPETUAL,207.29,buy,105.0
12491635,ETH-15970019,1588291507262,1,207.35,ETH-PERPETUAL,207.35,buy,5.0
12491636,ETH-15970020,1588291507262,1,207.35,ETH-PERPETUAL,207.35,buy,3.0
12491637,ETH-15970021,1588291507262,1,207.35,ETH-PERPETUAL,207.35,buy,20.0
12491638,ETH-15970022,1588291513709,0,207.5,ETH-PERPETUAL,207.49,buy,500.0
12491639,ETH-15970023,1588291513709,1,207.5,ETH-PERPETUAL,207.49,buy,1.0
12491640,ETH-15970024,1588291516845,1,207.5,ETH-PERPETUAL,207.5,sell,500.0
12491641,ETH-15970025,1588291516845,1,207.5,ETH-PERPETUAL,207.5,sell,5.0
12491642,ETH-15970026,1588291517542,2,207.4,ETH-PERPETUAL,207.51,buy,200.0
12491643,ETH-15970027,1588291519508,3,207.4,ETH-PERPETUAL,207.48,sell,21.0
12491644,ETH-15970031,1588291519944,2,207.3,ETH-PERPETUAL,207.45,sell,3000.0
12491645,ETH-15970032,1588291519944,3,207.3,ETH-PERPETUAL,207.45,sell,20.0
12491646,ETH-15970036,1588291521531,3,207.3,ETH-PERPETUAL,207.39,buy,100.0
12491647,ETH-15970037,1588291527730,2,207.25,ETH-PERPETUAL,207.28,sell,20.0
12491648,ETH-15970038,1588291527730,3,207.25,ETH-PERPETUAL,207.28,sell,10.0
12491649,ETH-15970039,1588291527730,3,207.25,ETH-PERPETUAL,207.28,sell,1.0
12491650,ETH-15970040,1588291544764,3,207.25,ETH-PERPETUAL,207.25,buy,420.0
12491651,ETH-15970041,1588291544764,3,207.25,ETH-PERPETUAL,207.25,buy,13.0
12491652,ETH-15970042,1588291544764,3,207.25,ETH-PERPETUAL,207.25,buy,4.0
12491653,ETH-15970043,1588291544927,0,207.3,ETH-PERPETUAL,207.25,buy,410.0
12491654,ETH-15970044,1588291544927,1,207.3,ETH-PERPETUAL,207.25,buy,10.0
12491655,ETH-15970045,1588291545018,0,207.35,ETH-PERPETUAL,207.25,buy,110.0
12491656,ETH-15970046,1588291545018,1,207.35,ETH-PERPETUAL,207.25,buy,410.0
12491657,ETH-15970047,1588291548890,2,207.3,ETH-PERPETUAL,207.35,sell,100.0
12491658,ETH-15970052,1588291559946,3,207.3,ETH-PERPETUAL,207.29,sell,100.0
12491659,ETH-15970059,1588291562885,2,207.25,ETH-PERPETUAL,207.3,buy,100.0
12491660,ETH-15970060,1588291575878,0,207.35,ETH-PERPETUAL,207.36,buy,4.0
12491661,ETH-15970061,1588291577254,0,207.4,ETH-PERPETUAL,207.38,buy,20.0
12491662,ETH-15970062,1588291583211,0,207.45,ETH-PERPETUAL,207.4,buy,1.0
12491663,ETH-15970063,1588291583211,1,207.45,ETH-PERPETUAL,207.4,buy,100.0
12491664,ETH-15970085,1588291586844,2,207.4,ETH-PERPETUAL,207.44,buy,329.0
12491665,ETH-15970086,1588291587057,3,207.4,ETH-PERPETUAL,207.44,buy,171.0
12491666,ETH-15970087,1588291587234,0,207.45,ETH-PERPETUAL,207.44,buy,110.0
12491667,ETH-15970088,1588291590996,0,207.55,ETH-PERPETUAL,207.51,buy,2.0
12491668,ETH-15970089,1588291595959,0,207.65,ETH-PERPETUAL,207.6,buy,19.0
12491669,ETH-15970090,1588291596788,0,207.7,ETH-PERPETUAL,207.63,buy,1.0
12491670,ETH-15970091,1588291604349,0,207.75,ETH-PERPETUAL,207.73,sell,19.0
12491671,ETH-15970092,1588291604349,1,207.75,ETH-PERPETUAL,207.73,sell,8.0
12491672,ETH-15970093,1588291605229,2,207.7,ETH-PERPETUAL,207.73,buy,82.0
12491673,ETH-15970094,1588291605538,3,207.7,ETH-PERPETUAL,207.75,buy,18.0
12491674,ETH-15970095,1588291605538,0,207.75,ETH-PERPETUAL,207.75,buy,1382.0
12491675,ETH-15970096,1588291606323,1,207.75,ETH-PERPETUAL,207.75,buy,27.0
12491676,ETH-15970097,1588291608980,2,207.7,ETH-PERPETUAL,207.75,sell,27.0
12491677,ETH-15970098,1588291608980,3,207.7,ETH-PERPETUAL,207.75,sell,3000.0
12491678,ETH-15970099,1588291608980,3,207.7,ETH-PERPETUAL,207.75,sell,1230.0
12491679,ETH-15970100,1588291609027,2,207.65,ETH-PERPETUAL,207.75,sell,500.0
12491680,ETH-15970101,1588291609027,3,207.65,ETH-PERPETUAL,207.75,sell,3000.0
12491681,ETH-15970102,1588291609027,3,207.65,ETH-PERPETUAL,207.75,sell,1.0
12491682,ETH-15970103,1588291609027,3,207.65,ETH-PERPETUAL,207.75,sell,1.0
12491683,ETH-15970104,1588291609126,2,207.6,ETH-PERPETUAL,207.75,sell,20.0
12491684,ETH-15970105,1588291609126,3,207.6,ETH-PERPETUAL,207.75,sell,1.0
12491685,ETH-15970106,1588291609164,0,207.65,ETH-PERPETUAL,207.75,sell,500.0
12491686,ETH-15970107,1588291609254,2,207.6,ETH-PERPETUAL,207.75,sell,20.0
12491687,ETH-15970108,1588291609356,2,207.55,ETH-PERPETUAL,207.75,sell,500.0
12491688,ETH-15970109,1588291609356,3,207.55,ETH-PERPETUAL,207.75,sell,1500.0
12491689,ETH-15970114,1588291610536,2,207.45,ETH-PERPETUAL,207.6,sell,1125.0
12491690,ETH-15970115,1588291614138,3,207.45,ETH-PERPETUAL,207.52,buy,819.0
12491691,ETH-15970116,1588291614285,0,207.5,ETH-PERPETUAL,207.52,buy,5600.0
12491692,ETH-15970117,1588291617805,0,207.55,ETH-PERPETUAL,207.51,sell,1530.0
12491693,ETH-15970118,1588291619975,1,207.55,ETH-PERPETUAL,207.51,buy,1.0
12491694,ETH-15970119,1588291628057,2,207.5,ETH-PERPETUAL,207.51,sell,1.0
12491695,ETH-15970120,1588291628057,3,207.5,ETH-PERPETUAL,207.51,sell,4.0
12491696,ETH-15970121,1588291628140,2,207.45,ETH-PERPETUAL,207.51,sell,500.0
12491697,ETH-15970122,1588291628804,2,207.4,ETH-PERPETUAL,207.46,sell,19.0
12491698,ETH-15970123,1588291629081,3,207.4,ETH-PERPETUAL,207.46,sell,7.0
12491699,ETH-15970124,1588291629976,3,207.4,ETH-PERPETUAL,207.44,sell,1.0
12491700,ETH-15970125,1588291632221,3,207.4,ETH-PERPETUAL,207.43,sell,5.0
12491701,ETH-15970126,1588291634732,2,207.35,ETH-PERPETUAL,207.36,sell,20.0
12491702,ETH-15970127,1588291634732,3,207.35,ETH-PERPETUAL,207.36,sell,1.0
12491703,ETH-15970128,1588291641241,2,207.2,ETH-PERPETUAL,207.24,buy,20.0
12491704,ETH-15970129,1588291641653,3,207.2,ETH-PERPETUAL,207.24,buy,20.0
12491705,ETH-15970130,1588291643913,2,207.15,ETH-PERPETUAL,207.21,sell,17.0
12491706,ETH-15970131,1588291643913,3,207.15,ETH-PERPETUAL,207.21,sell,3.0
12491707,ETH-15970132,1588291643913,3,207.15,ETH-PERPETUAL,207.21,sell,80.0
12491708,ETH-15970133,1588291646605,0,207.2,ETH-PERPETUAL,207.2,buy,17.0
12491709,ETH-15970134,1588291646605,1,207.2,ETH-PERPETUAL,207.2,buy,7.0
12491710,ETH-15970135,1588291646605,1,207.2,ETH-PERPETUAL,207.2,buy,1.0
12491711,ETH-15970136,1588291646605,1,207.2,ETH-PERPETUAL,207.2,buy,1.0
12491712,ETH-15970137,1588291647256,0,207.25,ETH-PERPETUAL,207.2,buy,24.0
12491713,ETH-15970138,1588291647407,0,207.3,ETH-PERPETUAL,207.2,buy,500.0
12491714,ETH-15970139,1588291647407,1,207.3,ETH-PERPETUAL,207.2,buy,20.0
12491715,ETH-15970140,1588291647911,0,207.35,ETH-PERPETUAL,207.26,buy,3.0
12491716,ETH-15970141,1588291648398,0,207.4,ETH-PERPETUAL,207.26,buy,1170.0
12491717,ETH-15970142,1588291648406,1,207.4,ETH-PERPETUAL,207.26,buy,1830.0
12491718,ETH-15970143,1588291648406,1,207.4,ETH-PERPETUAL,207.26,buy,120.0
12491719,ETH-15970150,1588291662891,2,207.35,ETH-PERPETUAL,207.4,buy,500.0
12491720,ETH-15970151,1588291668141,0,207.4,ETH-PERPETUAL,207.41,buy,500.0
12491721,ETH-15970152,1588291668991,0,207.45,ETH-PERPETUAL,207.45,buy,20.0
12491722,ETH-15970153,1588291670589,0,207.5,ETH-PERPETUAL,207.46,sell,500.0
12491723,ETH-15970154,1588291670712,2,207.45,ETH-PERPETUAL,207.46,sell,100.0
12491724,ETH-15970155,1588291670712,3,207.45,ETH-PERPETUAL,207.46,sell,200.0
12491725,ETH-15970156,1588291677356,2,207.4,ETH-PERPETUAL,207.43,buy,200.0
12491726,ETH-15970157,1588291677356,3,207.4,ETH-PERPETUAL,207.43,buy,100.0
12491727,ETH-15970158,1588291678060,0,207.5,ETH-PERPETUAL,207.47,buy,20.0
12491728,ETH-15970159,1588291679741,0,207.55,ETH-PERPETUAL,207.5,buy,2.0
12491729,ETH-15970160,1588291679741,1,207.55,ETH-PERPETUAL,207.5,buy,473.0
12491730,ETH-15970161,1588291679741,1,207.55,ETH-PERPETUAL,207.5,buy,1.0
12491731,ETH-15970162,1588291679741,1,207.55,ETH-PERPETUAL,207.5,buy,6.0
12491732,ETH-15970163,1588291679796,0,207.6,ETH-PERPETUAL,207.5,buy,4.0
12491733,ETH-15970164,1588291679796,1,207.6,ETH-PERPETUAL,207.5,buy,500.0
12491734,ETH-15970165,1588291681034,0,207.7,ETH-PERPETUAL,207.61,buy,161.0
12491735,ETH-15970166,1588291681034,1,207.7,ETH-PERPETUAL,207.61,buy,500.0
12491736,ETH-15970167,1588291681429,0,207.75,ETH-PERPETUAL,207.61,buy,18.0
12491737,ETH-15970168,1588291681429,1,207.75,ETH-PERPETUAL,207.61,buy,4.0
12491738,ETH-15970169,1588291681565,0,207.8,ETH-PERPETUAL,207.61,buy,181.0
12491739,ETH-15970170,1588291681680,0,207.85,ETH-PERPETUAL,207.61,buy,146.0
12491740,ETH-15970171,1588291681680,1,207.85,ETH-PERPETUAL,207.61,buy,1.0
12491741,ETH-15970172,1588291683341,2,207.8,ETH-PERPETUAL,207.67,sell,200.0
12491742,ETH-15970173,1588291683341,3,207.8,ETH-PERPETUAL,207.67,sell,100.0
12491743,ETH-15970174,1588291689818,2,207.75,ETH-PERPETUAL,207.75,sell,1.0
12491744,ETH-15970175,1588291689921,2,207.7,ETH-PERPETUAL,207.75,sell,21.0
12491745,ETH-15970176,1588291694471,3,207.7,ETH-PERPETUAL,207.73,buy,200.0
12491746,ETH-15970177,1588291694471,3,207.7,ETH-PERPETUAL,207.73,buy,100.0
12491747,ETH-15970178,1588291701529,0,207.95,ETH-PERPETUAL,207.83,buy,17.0
12491748,ETH-15970179,1588291701692,0,208.0,ETH-PERPETUAL,207.83,buy,1.0
12491749,ETH-15970180,1588291706660,2,207.9,ETH-PERPETUAL,207.92,sell,20.0
12491750,ETH-15970181,1588291706660,3,207.9,ETH-PERPETUAL,207.92,sell,17.0
12491751,ETH-15970182,1588291706819,2,207.85,ETH-PERPETUAL,207.92,sell,20.0
12491752,ETH-15970183,1588291713699,2,207.8,ETH-PERPETUAL,207.85,sell,25.0
12491753,ETH-15970186,1588291719581,3,207.8,ETH-PERPETUAL,207.84,sell,12.0
12491754,ETH-15970187,1588291721619,3,207.8,ETH-PERPETUAL,207.83,sell,14.0
12491755,ETH-15970188,1588291724054,3,207.8,ETH-PERPETUAL,207.81,sell,9.0
12491756,ETH-15970189,1588291727049,3,207.8,ETH-PERPETUAL,207.8,sell,4.0
12491757,ETH-15970190,1588291728368,2,207.75,ETH-PERPETUAL,207.78,sell,20.0
12491758,ETH-15970191,1588291730058,3,207.75,ETH-PERPETUAL,207.77,sell,7.0
12491759,ETH-15970192,1588291731231,2,207.65,ETH-PERPETUAL,207.74,sell,20.0
12491760,ETH-15970193,1588291731361,2,207.6,ETH-PERPETUAL,207.74,sell,1.0
12491761,ETH-15970194,1588291731480,2,207.55,ETH-PERPETUAL,207.71,sell,1013.0
12491762,ETH-15970195,1588291731480,3,207.55,ETH-PERPETUAL,207.71,sell,192.0
12491763,ETH-15970196,1588291731480,3,207.55,ETH-PERPETUAL,207.71,sell,173.0
12491764,ETH-15970197,1588291738937,2,207.5,ETH-PERPETUAL,207.58,sell,1.0
12491765,ETH-15970198,1588291740742,3,207.5,ETH-PERPETUAL,207.54,buy,4.0
12491766,ETH-15970199,1588291745252,0,207.6,ETH-PERPETUAL,207.55,buy,3.0
12491767,ETH-15970200,1588291745252,1,207.6,ETH-PERPETUAL,207.55,buy,2.0
12491768,ETH-15970201,1588291745252,1,207.6,ETH-PERPETUAL,207.55,buy,8.0
12491769,ETH-15970202,1588291745514,0,207.65,ETH-PERPETUAL,207.58,buy,20.0
12491770,ETH-15970203,1588291750014,1,207.65,ETH-PERPETUAL,207.69,buy,16.0
12491771,ETH-15970204,1588291750274,0,207.7,ETH-PERPETUAL,207.69,buy,2.0
12491772,ETH-15970205,1588291750274,1,207.7,ETH-PERPETUAL,207.69,buy,117.0
12491773,ETH-15970206,1588291751051,0,207.75,ETH-PERPETUAL,207.71,sell,4.0
12491774,ETH-15970207,1588291756380,2,207.7,ETH-PERPETUAL,207.73,sell,8.0
12491775,ETH-15970208,1588291757242,3,207.7,ETH-PERPETUAL,207.72,sell,12.0
12491776,ETH-15970209,1588291760079,3,207.7,ETH-PERPETUAL,207.68,sell,9.0
12491777,ETH-15970210,1588291766833,0,207.75,ETH-PERPETUAL,207.74,buy,220.0
12491778,ETH-15970211,1588291767914,0,207.8,ETH-PERPETUAL,207.76,buy,1.0
12491779,ETH-15970212,1588291778625,1,207.8,ETH-PERPETUAL,207.81,sell,3.0
12491780,ETH-15970213,1588291778625,1,207.8,ETH-PERPETUAL,207.81,sell,11.0
12491781,ETH-15970214,1588291779937,0,207.85,ETH-PERPETUAL,207.81,buy,500.0
12491782,ETH-15970215,1588291780146,0,207.9,ETH-PERPETUAL,207.81,buy,19.0
12491783,ETH-15970216,1588291780146,1,207.9,ETH-PERPETUAL,207.81,buy,2.0
12491784,ETH-15970217,1588291780146,1,207.9,ETH-PERPETUAL,207.81,buy,1.0
12491785,ETH-15970218,1588291784063,0,207.95,ETH-PERPETUAL,207.88,buy,2.0
12491786,ETH-15970219,1588291784063,1,207.95,ETH-PERPETUAL,207.88,buy,10.0
12491787,ETH-15970221,1588291799309,0,208.0,ETH-PERPETUAL,207.96,sell,5.0
12491788,ETH-15970222,1588291799309,1,208.0,ETH-PERPETUAL,207.96,sell,2.0
12491789,ETH-15970223,1588291799309,1,208.0,ETH-PERPETUAL,207.96,sell,9.0
12491790,ETH-15970224,1588291805776,2,207.9,ETH-PERPETUAL,207.94,sell,144.0
12491791,ETH-15970225,1588291817360,0,207.95,ETH-PERPETUAL,207.95,sell,16.0
12491792,ETH-15970226,1588291817360,1,207.95,ETH-PERPETUAL,207.95,sell,1736.0
12491793,ETH-15970227,1588291818031,1,207.95,ETH-PERPETUAL,207.93,sell,1264.0
12491794,ETH-15970228,1588291819640,0,208.0,ETH-PERPETUAL,207.93,buy,69.0
12491795,ETH-15970229,1588291826183,1,208.0,ETH-PERPETUAL,207.98,sell,11.0
12491796,ETH-15970230,1588291826183,1,208.0,ETH-PERPETUAL,207.98,sell,5.0
12491797,ETH-15970231,1588291826277,2,207.95,ETH-PERPETUAL,207.98,sell,30.0
12491798,ETH-15970232,1588291826277,3,207.95,ETH-PERPETUAL,207.98,sell,40.0
12491799,ETH-15970233,1588291826277,3,207.95,ETH-PERPETUAL,207.98,sell,100.0
12491800,ETH-15970234,1588291835919,2,207.9,ETH-PERPETUAL,207.92,sell,1.0
12491801,ETH-15970235,1588291835919,3,207.9,ETH-PERPETUAL,207.92,sell,21.0
12491802,ETH-15970236,1588291839514,2,207.85,ETH-PERPETUAL,207.88,sell,20.0
12491803,ETH-15970237,1588291841938,2,207.8,ETH-PERPETUAL,207.86,sell,2.0
12491804,ETH-15970238,1588291841938,3,207.8,ETH-PERPETUAL,207.86,sell,20.0
12491805,ETH-15970239,1588291841938,3,207.8,ETH-PERPETUAL,207.86,sell,10.0
12491806,ETH-15970240,1588291849708,2,207.7,ETH-PERPETUAL,207.79,sell,1.0
12491807,ETH-15970241,1588291849708,3,207.7,ETH-PERPETUAL,207.79,sell,1.0
12491808,ETH-15970242,1588291863257,0,207.75,ETH-PERPETUAL,207.77,buy,1.0
12491809,ETH-15970243,1588291863257,1,207.75,ETH-PERPETUAL,207.77,buy,2.0
12491810,ETH-15970244,1588291863257,1,207.75,ETH-PERPETUAL,207.77,buy,3.0
12491811,ETH-15970245,1588291863257,1,207.75,ETH-PERPETUAL,207.77,buy,4.0
12491812,ETH-15970246,1588291863257,1,207.75,ETH-PERPETUAL,207.77,buy,4.0
12491813,ETH-15970247,1588291863933,0,207.85,ETH-PERPETUAL,207.78,buy,20.0
12491814,ETH-15970248,1588291868054,1,207.85,ETH-PERPETUAL,207.87,sell,20.0
12491815,ETH-15970249,1588291868054,1,207.85,ETH-PERPETUAL,207.87,sell,200.0
12491816,ETH-15970250,1588291868162,2,207.8,ETH-PERPETUAL,207.87,sell,778.0
12491817,ETH-15970251,1588291868162,3,207.8,ETH-PERPETUAL,207.87,sell,800.0
12491818,ETH-15970252,1588291868170,3,207.8,ETH-PERPETUAL,207.87,sell,800.0
12491819,ETH-15970253,1588291868181,3,207.8,ETH-PERPETUAL,207.87,sell,800.0
12491820,ETH-15970254,1588291868191,3,207.8,ETH-PERPETUAL,207.87,sell,800.0
12491821,ETH-15970257,1588291868798,2,207.65,ETH-PERPETUAL,207.87,sell,500.0
12491822,ETH-15970258,1588291875773,2,207.6,ETH-PERPETUAL,207.75,sell,1.0
12491823,ETH-15970259,1588291875773,3,207.6,ETH-PERPETUAL,207.75,sell,19.0
12491824,ETH-15970260,1588291877250,2,207.55,ETH-PERPETUAL,207.68,sell,5.0
12491825,ETH-15970265,1588291878943,0,207.6,ETH-PERPETUAL,207.65,buy,100.0
12491826,ETH-15970266,1588291886129,0,207.65,ETH-PERPETUAL,207.64,buy,17.0
12491827,ETH-15970267,1588291886129,1,207.65,ETH-PERPETUAL,207.64,buy,230.0
12491828,ETH-15970268,1588291887210,0,207.7,ETH-PERPETUAL,207.69,buy,20.0
12491829,ETH-15970269,1588291887222,1,207.7,ETH-PERPETUAL,207.69,buy,20.0
12491830,ETH-15970270,1588291903300,2,207.65,ETH-PERPETUAL,207.69,buy,1.0
12491831,ETH-15970271,1588291903300,3,207.65,ETH-PERPETUAL,207.69,buy,13.0
12491832,ETH-15970272,1588291903300,3,207.65,ETH-PERPETUAL,207.69,buy,4.0
12491833,ETH-15970273,1588291909073,0,207.75,ETH-PERPETUAL,207.77,buy,14.0
12491834,ETH-15970274,1588291909330,0,207.8,ETH-PERPETUAL,207.77,buy,2.0
12491835,ETH-15970275,1588291909330,1,207.8,ETH-PERPETUAL,207.77,buy,500.0
12491836,ETH-15970276,1588291911107,0,207.85,ETH-PERPETUAL,207.84,buy,1.0
12491837,ETH-15970277,1588291912053,1,207.85,ETH-PERPETUAL,207.86,buy,17.0
12491838,ETH-15970278,1588291912288,0,207.9,ETH-PERPETUAL,207.86,buy,19.0
12491839,ETH-15970279,1588291912288,1,207.9,ETH-PERPETUAL,207.86,buy,2.0
12491840,ETH-15970280,1588291912288,0,208.0,ETH-PERPETUAL,207.86,buy,9.0
12491841,ETH-15970281,1588291912288,1,208.0,ETH-PERPETUAL,207.86,buy,75.0
12491842,ETH-15970282,1588291914308,2,207.9,ETH-PERPETUAL,207.9,sell,500.0
12491843,ETH-15970283,1588291927097,3,207.9,ETH-PERPETUAL,207.92,buy,4.0
12491844,ETH-15970284,1588291927710,0,208.0,ETH-PERPETUAL,207.92,buy,500.0
12491845,ETH-15970285,1588291934575,0,208.1,ETH-PERPETUAL,208.04,buy,2.0
12491846,ETH-15970286,1588291935600,0,208.15,ETH-PERPETUAL,208.09,buy,17.0
12491847,ETH-15970287,1588291937734,1,208.15,ETH-PERPETUAL,208.1,sell,18.0
12491848,ETH-15970288,1588291941490,2,208.1,ETH-PERPETUAL,208.09,buy,40.0
12491849,ETH-15970289,1588291941716,3,208.1,ETH-PERPETUAL,208.09,buy,10.0
12491850,ETH-15970290,1588291943874,2,208.05,ETH-PERPETUAL,208.07,sell,20.0
12491851,ETH-15970291,1588291943874,3,208.05,ETH-PERPETUAL,208.07,sell,1.0
12491852,ETH-15970292,1588291944597,3,208.05,ETH-PERPETUAL,208.07,buy,200.0
12491853,ETH-15970294,1588291944673,0,208.1,ETH-PERPETUAL,208.07,buy,108.0
12491854,ETH-15970295,1588291944673,1,208.1,ETH-PERPETUAL,208.07,buy,3000.0
12491855,ETH-15970296,1588291945313,0,208.2,ETH-PERPETUAL,208.1,buy,110.0
12491856,ETH-15970297,1588291945313,1,208.2,ETH-PERPETUAL,208.1,buy,17.0
12491857,ETH-15970298,1588291945313,1,208.2,ETH-PERPETUAL,208.1,buy,250.0
12491858,ETH-15970299,1588291946365,0,208.25,ETH-PERPETUAL,208.16,buy,1.0
12491859,ETH-15970300,1588291949372,0,208.3,ETH-PERPETUAL,208.22,sell,12.0
12491860,ETH-15970301,1588291962334,1,208.3,ETH-PERPETUAL,208.3,sell,30.0
12491861,ETH-15970302,1588291963778,2,208.25,ETH-PERPETUAL,208.28,sell,127.0
12491862,ETH-15970303,1588291963778,3,208.25,ETH-PERPETUAL,208.28,sell,100.0
12491863,ETH-15970304,1588291963813,0,208.3,ETH-PERPETUAL,208.28,sell,28.0
12491864,ETH-15970305,1588291967238,2,208.25,ETH-PERPETUAL,208.24,buy,100.0
12491865,ETH-15970306,1588291993712,0,208.3,ETH-PERPETUAL,208.35,sell,22.0
12491866,ETH-15970307,1588291996400,2,208.15,ETH-PERPETUAL,208.24,sell,1.0
12491867,ETH-15970308,1588291997057,2,208.1,ETH-PERPETUAL,208.24,sell,20.0
12491868,ETH-15970309,1588291998086,2,208.05,ETH-PERPETUAL,208.19,sell,47.0
12491869,ETH-15970310,1588292001630,2,208.0,ETH-PERPETUAL,208.12,sell,1.0
12491870,ETH-15970311,1588292001796,3,208.0,ETH-PERPETUAL,208.12,sell,10.0
12491871,ETH-15970312,1588292002006,3,208.0,ETH-PERPETUAL,208.12,sell,20.0
12491872,ETH-15970313,1588292002519,2,207.95,ETH-PERPETUAL,208.06,sell,20.0
12491873,ETH-15970314,1588292002538,3,207.95,ETH-PERPETUAL,208.06,sell,20.0
12491874,ETH-15970315,1588292004183,2,207.85,ETH-PERPETUAL,207.99,sell,14.0
12491875,ETH-15970316,1588292007032,3,207.85,ETH-PERPETUAL,207.91,sell,500.0
12491876,ETH-15970317,1588292007032,3,207.85,ETH-PERPETUAL,207.91,sell,2.0
12491877,ETH-15970318,1588292007032,3,207.85,ETH-PERPETUAL,207.91,sell,200.0
12491878,ETH-15970319,1588292007108,2,207.8,ETH-PERPETUAL,207.91,sell,500.0
12491879,ETH-15970320,1588292007108,3,207.8,ETH-PERPETUAL,207.91,sell,761.0
12491880,ETH-15970321,1588292007773,3,207.8,ETH-PERPETUAL,207.9,buy,200.0
12491881,ETH-15970322,1588292011927,2,207.75,ETH-PERPETUAL,207.87,sell,500.0
12491882,ETH-15970323,1588292015704,3,207.75,ETH-PERPETUAL,207.81,buy,30.0
12491883,ETH-15970324,1588292015704,3,207.75,ETH-PERPETUAL,207.81,buy,1234.0
12491884,ETH-15970325,1588292018363,3,207.75,ETH-PERPETUAL,207.78,buy,23.0
12491885,ETH-15970326,1588292024265,3,207.75,ETH-PERPETUAL,207.8,buy,12.0
12491886,ETH-15970327,1588292024461,0,207.8,ETH-PERPETUAL,207.82,buy,10.0
12491887,ETH-15970329,1588292027525,0,207.85,ETH-PERPETUAL,207.85,buy,1.0
12491888,ETH-15970330,1588292027525,1,207.85,ETH-PERPETUAL,207.85,buy,1.0
12491889,ETH-15970331,1588292027525,1,207.85,ETH-PERPETUAL,207.85,buy,23.0
12491890,ETH-15970332,1588292030221,0,207.95,ETH-PERPETUAL,207.88,buy,500.0
12491891,ETH-15970333,1588292032014,0,208.0,ETH-PERPETUAL,207.96,buy,20.0
12491892,ETH-15970334,1588292032014,1,208.0,ETH-PERPETUAL,207.96,buy,11.0
12491893,ETH-15970335,1588292034419,0,208.05,ETH-PERPETUAL,208.0,buy,7.0
12491894,ETH-15970336,1588292034852,0,208.1,ETH-PERPETUAL,208.04,buy,110.0
12491895,ETH-15970337,1588292036296,0,208.15,ETH-PERPETUAL,208.08,buy,500.0
12491896,ETH-15970338,1588292039285,0,208.2,ETH-PERPETUAL,208.15,buy,2.0
12491897,ETH-15970339,1588292043770,1,208.2,ETH-PERPETUAL,208.24,sell,100.0
12491898,ETH-15970340,1588292043770,1,208.2,ETH-PERPETUAL,208.24,sell,1.0
12491899,ETH-15970341,1588292044570,2,208.15,ETH-PERPETUAL,208.23,sell,5.0
12491900,ETH-15970342,1588292044570,3,208.15,ETH-PERPETUAL,208.23,sell,196.0
12491901,ETH-15970343,1588292044582,3,208.15,ETH-PERPETUAL,208.23,sell,304.0
12491902,ETH-15970344,1588292044582,3,208.15,ETH-PERPETUAL,208.23,sell,9.0
12491903,ETH-15970345,1588292046632,2,208.05,ETH-PERPETUAL,208.19,sell,29.0
12491904,ETH-15970346,1588292048582,3,208.05,ETH-PERPETUAL,208.13,sell,20.0
12491905,ETH-15970347,1588292048692,2,208.0,ETH-PERPETUAL,208.13,sell,20.0
12491906,ETH-15970348,1588292061103,3,208.0,ETH-PERPETUAL,208.04,buy,10.0
12491907,ETH-15970349,1588292061103,3,208.0,ETH-PERPETUAL,208.04,buy,4.0
12491908,ETH-15970350,1588292061202,0,208.05,ETH-PERPETUAL,208.04,buy,100.0
12491909,ETH-15970351,1588292061237,1,208.05,ETH-PERPETUAL,208.04,sell,110.0
12491910,ETH-15970352,1588292061655,0,208.1,ETH-PERPETUAL,208.04,buy,20.0
12491911,ETH-15970353,1588292072242,0,208.15,ETH-PERPETUAL,208.18,sell,1.0
12491912,ETH-15970354,1588292072777,2,208.1,ETH-PERPETUAL,208.16,sell,20.0
12491913,ETH-15970355,1588292072777,3,208.1,ETH-PERPETUAL,208.16,sell,100.0
12491914,ETH-15970356,1588292073636,2,207.95,ETH-PERPETUAL,208.16,sell,832.0
12491915,ETH-15970357,1588292075180,0,208.05,ETH-PERPETUAL,208.09,buy,83.0
12491916,ETH-15970358,1588292075200,1,208.05,ETH-PERPETUAL,208.09,buy,1.0
12491917,ETH-15970359,1588292076534,2,208.0,ETH-PERPETUAL,208.11,sell,18.0
12491918,ETH-15970360,1588292076534,3,208.0,ETH-PERPETUAL,208.11,sell,2168.0
12491919,ETH-15970361,1588292076630,2,207.95,ETH-PERPETUAL,208.11,sell,2168.0
12491920,ETH-15970362,1588292076630,3,207.95,ETH-PERPETUAL,208.11,sell,10.0
12491921,ETH-15970363,1588292076630,3,207.95,ETH-PERPETUAL,208.11,sell,20.0
12491922,ETH-15970364,1588292076881,2,207.9,ETH-PERPETUAL,208.09,sell,500.0
12491923,ETH-15970365,1588292076881,3,207.9,ETH-PERPETUAL,208.09,sell,3000.0
12491924,ETH-15970366,1588292076881,3,207.9,ETH-PERPETUAL,208.09,sell,18.0
12491925,ETH-15970367,1588292077390,3,207.9,ETH-PERPETUAL,208.09,sell,3.0
12491926,ETH-15970368,1588292081227,3,207.9,ETH-PERPETUAL,207.98,sell,4.0
12491927,ETH-15970369,1588292081529,2,207.85,ETH-PERPETUAL,207.98,sell,132.0
12491928,ETH-15970370,1588292087694,2,207.8,ETH-PERPETUAL,207.87,buy,10.0
12491929,ETH-15970371,1588292087694,3,207.8,ETH-PERPETUAL,207.87,buy,16.0
12491930,ETH-15970372,1588292087694,3,207.8,ETH-PERPETUAL,207.87,buy,500.0
12491931,ETH-15970373,1588292087694,3,207.8,ETH-PERPETUAL,207.87,buy,13.0
12491932,ETH-15970374,1588292088248,0,207.9,ETH-PERPETUAL,207.86,buy,500.0
12491933,ETH-15970375,1588292088269,1,207.9,ETH-PERPETUAL,207.86,buy,500.0
12491934,ETH-15970376,1588292088319,0,207.95,ETH-PERPETUAL,207.86,buy,142.0
12491935,ETH-15970377,1588292089416,1,207.95,ETH-PERPETUAL,207.91,buy,30.0
12491936,ETH-15970378,1588292095484,1,207.95,ETH-PERPETUAL,208.0,buy,13.0
12491937,ETH-15970379,1588292100791,0,208.0,ETH-PERPETUAL,208.02,buy,20.0
12491938,ETH-15970380,1588292100791,1,208.0,ETH-PERPETUAL,208.02,buy,4.0
12491939,ETH-15970381,1588292100944,0,208.05,ETH-PERPETUAL,208.03,buy,20.0
12491940,ETH-15970384,1588292102176,0,208.2,ETH-PERPETUAL,208.1,buy,2.0
12491941,ETH-15970385,1588292102176,1,208.2,ETH-PERPETUAL,208.1,buy,3000.0
12491942,ETH-15970386,1588292102176,1,208.2,ETH-PERPETUAL,208.1,buy,20.0
12491943,ETH-15970387,1588292102176,1,208.2,ETH-PERPETUAL,208.1,buy,250.0
12491944,ETH-15970392,1588292102180,0,208.25,ETH-PERPETUAL,208.1,buy,3000.0
12491945,ETH-15970393,1588292102180,1,208.25,ETH-PERPETUAL,208.1,buy,10340.0
12491946,ETH-15970394,1588292102214,0,208.3,ETH-PERPETUAL,208.1,buy,3000.0
12491947,ETH-15970395,1588292102214,1,208.3,ETH-PERPETUAL,208.1,buy,800.0
12491948,ETH-15970396,1588292102214,1,208.3,ETH-PERPETUAL,208.1,buy,3903.0
12491949,ETH-15970397,1588292102230,0,208.35,ETH-PERPETUAL,208.1,buy,3000.0
12491950,ETH-15970398,1588292102230,1,208.35,ETH-PERPETUAL,208.1,buy,1182.0
12491951,ETH-15970400,1588292102270,2,208.3,ETH-PERPETUAL,208.1,buy,1647.0
12491952,ETH-15970401,1588292102271,3,208.3,ETH-PERPETUAL,208.1,buy,1691.0
12491953,ETH-15970402,1588292102273,0,208.35,ETH-PERPETUAL,208.1,buy,8000.0
12491954,ETH-15970403,1588292102309,1,208.35,ETH-PERPETUAL,208.1,buy,1285.0
12491955,ETH-15970404,1588292102312,1,208.35,ETH-PERPETUAL,208.1,buy,1015.0
12491956,ETH-15970405,1588292102313,1,208.35,ETH-PERPETUAL,208.1,buy,663.0
12491957,ETH-15970406,1588292102313,1,208.35,ETH-PERPETUAL,208.1,buy,18.0
12491958,ETH-15970407,1588292102313,1,208.35,ETH-PERPETUAL,208.1,buy,1394.0
12491959,ETH-15970408,1588292102314,1,208.35,ETH-PERPETUAL,208.1,buy,4586.0
12491960,ETH-15970409,1588292102353,0,208.4,ETH-PERPETUAL,208.1,buy,1000.0
12491961,ETH-15970413,1588292102398,1,208.4,ETH-PERPETUAL,208.1,buy,10809.0
12491962,ETH-15970415,1588292102420,1,208.4,ETH-PERPETUAL,208.1,buy,2474.0
12491963,ETH-15970416,1588292102424,1,208.4,ETH-PERPETUAL,208.1,buy,1759.0
12491964,ETH-15970417,1588292102429,1,208.4,ETH-PERPETUAL,208.1,buy,1190.0
12491965,ETH-15970419,1588292102444,1,208.4,ETH-PERPETUAL,208.1,buy,1275.0
12491966,ETH-15970420,1588292102453,1,208.4,ETH-PERPETUAL,208.1,buy,1218.0
12491967,ETH-15970421,1588292102464,1,208.4,ETH-PERPETUAL,208.1,buy,1155.0
12491968,ETH-15970422,1588292102465,1,208.4,ETH-PERPETUAL,208.1,buy,2898.0
12491969,ETH-15970423,1588292102471,1,208.4,ETH-PERPETUAL,208.1,buy,1070.0
12491970,ETH-15970424,1588292102471,1,208.4,ETH-PERPETUAL,208.1,buy,152.0
12491971,ETH-15970425,1588292102471,0,208.45,ETH-PERPETUAL,208.1,buy,2500.0
12491972,ETH-15970426,1588292102471,1,208.45,ETH-PERPETUAL,208.1,buy,9836.0
12491973,ETH-15970427,1588292102509,1,208.45,ETH-PERPETUAL,208.1,buy,2914.0
12491974,ETH-15970428,1588292102513,1,208.45,ETH-PERPETUAL,208.1,buy,1196.0
12491975,ETH-15970429,1588292102514,1,208.45,ETH-PERPETUAL,208.1,buy,54.0
12491976,ETH-15970430,1588292102514,1,208.45,ETH-PERPETUAL,208.1,buy,393.0
12491977,ETH-15970431,1588292102514,1,208.45,ETH-PERPETUAL,208.1,buy,2981.0
12491978,ETH-15970432,1588292102515,1,208.45,ETH-PERPETUAL,208.1,buy,1243.0
12491979,ETH-15970433,1588292102524,1,208.45,ETH-PERPETUAL,208.1,buy,100.0
12491980,ETH-15970434,1588292102575,1,208.45,ETH-PERPETUAL,208.1,buy,1954.0
12491981,ETH-15970435,1588292102599,1,208.45,ETH-PERPETUAL,208.1,buy,130.0
12491982,ETH-15970439,1588292102800,0,208.5,ETH-PERPETUAL,208.1,buy,16.0
12491983,ETH-15970444,1588292103038,0,208.55,ETH-PERPETUAL,208.27,buy,300.0
12491984,ETH-15970445,1588292103038,1,208.55,ETH-PERPETUAL,208.27,buy,2085.0
12491985,ETH-15970446,1588292103038,1,208.55,ETH-PERPETUAL,208.27,buy,200.0
12491986,ETH-15970447,1588292103805,0,208.6,ETH-PERPETUAL,208.27,buy,132.0
12491987,ETH-15970448,1588292103805,0,208.65,ETH-PERPETUAL,208.27,buy,14.0
12491988,ETH-15970449,1588292103805,0,208.7,ETH-PERPETUAL,208.27,buy,500.0
12491989,ETH-15970450,1588292103805,1,208.7,ETH-PERPETUAL,208.27,buy,5.0
12491990,ETH-15970451,1588292103805,0,208.75,ETH-PERPETUAL,208.27,buy,348.0
12491991,ETH-15970461,1588292104352,2,208.7,ETH-PERPETUAL,208.38,buy,2.0
12491992,ETH-15970462,1588292104352,0,208.75,ETH-PERPETUAL,208.38,buy,440.0
12491993,ETH-15970463,1588292104698,0,208.8,ETH-PERPETUAL,208.38,buy,13.0
12491994,ETH-15970471,1588292105072,1,208.8,ETH-PERPETUAL,208.45,sell,500.0
12491995,ETH-15970472,1588292105107,1,208.8,ETH-PERPETUAL,208.45,sell,100.0
12491996,ETH-15970473,1588292105107,1,208.8,ETH-PERPETUAL,208.45,sell,200.0
12491997,ETH-15970474,1588292106631,0,208.85,ETH-PERPETUAL,208.55,sell,500.0
12491998,ETH-15970475,1588292107324,1,208.85,ETH-PERPETUAL,208.69,buy,500.0
12491999,ETH-15970476,1588292107324,1,208.85,ETH-PERPETUAL,208.69,buy,2575.0
12492000,ETH-15970477,1588292107330,1,208.85,ETH-PERPETUAL,208.69,buy,125.0
12492001,ETH-15970478,1588292108353,1,208.85,ETH-PERPETUAL,208.71,buy,500.0
12492002,ETH-15970479,1588292108874,1,208.85,ETH-PERPETUAL,208.71,sell,131.0
12492003,ETH-15970480,1588292108874,1,208.85,ETH-PERPETUAL,208.71,sell,131.0
12492004,ETH-15970481,1588292109871,0,208.9,ETH-PERPETUAL,208.8,buy,125.0
12492005,ETH-15970482,1588292112207,2,208.8,ETH-PERPETUAL,208.85,sell,500.0
12492006,ETH-15970483,1588292112207,3,208.8,ETH-PERPETUAL,208.85,sell,238.0
12492007,ETH-15970484,1588292112482,0,208.85,ETH-PERPETUAL,208.85,sell,78.0
12492008,ETH-15970485,1588292112511,2,208.8,ETH-PERPETUAL,208.85,sell,400.0
12492009,ETH-15970486,1588292112513,3,208.8,ETH-PERPETUAL,208.85,sell,447.0
12492010,ETH-15970487,1588292112514,3,208.8,ETH-PERPETUAL,208.85,sell,100.0
12492011,ETH-15970488,1588292112515,3,208.8,ETH-PERPETUAL,208.85,sell,6000.0
12492012,ETH-15970489,1588292112517,3,208.8,ETH-PERPETUAL,208.85,sell,300.0
12492013,ETH-15970490,1588292112518,3,208.8,ETH-PERPETUAL,208.85,sell,200.0
12492014,ETH-15970491,1588292112519,3,208.8,ETH-PERPETUAL,208.85,sell,505.0
12492015,ETH-15970497,1588292112556,2,208.75,ETH-PERPETUAL,208.85,sell,500.0
12492016,ETH-15970498,1588292112556,3,208.75,ETH-PERPETUAL,208.85,sell,2400.0
12492017,ETH-15970499,1588292112557,3,208.75,ETH-PERPETUAL,208.85,sell,100.0
12492018,ETH-15970500,1588292112557,3,208.75,ETH-PERPETUAL,208.85,sell,800.0
12492019,ETH-15970501,1588292112566,3,208.75,ETH-PERPETUAL,208.85,sell,800.0
12492020,ETH-15970504,1588292112765,2,208.7,ETH-PERPETUAL,208.85,sell,20.0
12492021,ETH-15970505,1588292112765,3,208.7,ETH-PERPETUAL,208.85,sell,800.0
12492022,ETH-15970506,1588292112775,3,208.7,ETH-PERPETUAL,208.85,sell,800.0
12492023,ETH-15970509,1588292112834,3,208.7,ETH-PERPETUAL,208.85,sell,800.0
12492024,ETH-15970510,1588292112843,3,208.7,ETH-PERPETUAL,208.85,sell,800.0
12492025,ETH-15970511,1588292112849,3,208.7,ETH-PERPETUAL,208.85,sell,1.0
12492026,ETH-15970512,1588292112855,3,208.7,ETH-PERPETUAL,208.85,sell,800.0
12492027,ETH-15970514,1588292112884,3,208.7,ETH-PERPETUAL,208.85,sell,800.0
12492028,ETH-15970515,1588292112885,3,208.7,ETH-PERPETUAL,208.85,sell,500.0
12492029,ETH-15970516,1588292112888,2,208.65,ETH-PERPETUAL,208.85,sell,10210.0
12492030,ETH-15970522,1588292112896,3,208.65,ETH-PERPETUAL,208.85,sell,800.0
12492031,ETH-15970524,1588292112942,3,208.65,ETH-PERPETUAL,208.85,sell,500.0
12492032,ETH-15970526,1588292112949,3,208.65,ETH-PERPETUAL,208.85,sell,800.0
12492033,ETH-15970527,1588292112970,2,208.6,ETH-PERPETUAL,208.85,sell,800.0
12492034,ETH-15970533,1588292113066,2,208.55,ETH-PERPETUAL,208.8,sell,542.0
12492035,ETH-15970534,1588292113066,3,208.55,ETH-PERPETUAL,208.8,sell,2763.0
12492036,ETH-15970535,1588292113068,3,208.55,ETH-PERPETUAL,208.8,sell,2549.0
12492037,ETH-15970536,1588292113068,3,208.55,ETH-PERPETUAL,208.8,sell,20.0
12492038,ETH-15970539,1588292113091,2,208.5,ETH-PERPETUAL,208.8,sell,7091.0
12492039,ETH-15970540,1588292113203,2,208.45,ETH-PERPETUAL,208.8,sell,2677.0
12492040,ETH-15970541,1588292113237,3,208.45,ETH-PERPETUAL,208.8,sell,2372.0
12492041,ETH-15970542,1588292113239,3,208.45,ETH-PERPETUAL,208.8,sell,995.0
12492042,ETH-15970544,1588292113255,3,208.45,ETH-PERPETUAL,208.8,sell,2895.0
12492043,ETH-15970545,1588292113266,3,208.45,ETH-PERPETUAL,208.8,sell,1560.0
12492044,ETH-15970546,1588292113268,3,208.45,ETH-PERPETUAL,208.8,sell,1489.0
12492045,ETH-15970547,1588292113273,3,208.45,ETH-PERPETUAL,208.8,sell,1381.0
12492046,ETH-15970548,1588292113299,3,208.45,ETH-PERPETUAL,208.8,sell,1560.0
12492047,ETH-15970549,1588292113304,3,208.45,ETH-PERPETUAL,208.8,sell,3422.0
12492048,ETH-15970550,1588292113305,3,208.45,ETH-PERPETUAL,208.8,sell,1649.0
12492049,ETH-15970551,1588292113305,3,208.45,ETH-PERPETUAL,208.8,sell,20.0
12492050,ETH-15970552,1588292113369,2,208.4,ETH-PERPETUAL,208.8,sell,2084.0
12492051,ETH-15970553,1588292113664,3,208.4,ETH-PERPETUAL,208.8,sell,521.0
12492052,ETH-15970556,1588292114108,2,208.35,ETH-PERPETUAL,208.68,sell,20.0
12492053,ETH-15970557,1588292114108,3,208.35,ETH-PERPETUAL,208.68,sell,623.0
12492054,ETH-15970558,1588292114360,2,208.3,ETH-PERPETUAL,208.68,sell,125.0
12492055,ETH-15970560,1588292115389,0,208.4,ETH-PERPETUAL,208.61,buy,100.0
12492056,ETH-15970561,1588292115389,1,208.4,ETH-PERPETUAL,208.61,buy,200.0
12492057,ETH-15970562,1588292115389,1,208.4,ETH-PERPETUAL,208.61,buy,1041.0
12492058,ETH-15970566,1588292118212,0,208.55,ETH-PERPETUAL,208.58,buy,19.0
12492059,ETH-15970567,1588292118962,0,208.7,ETH-PERPETUAL,208.58,buy,500.0
12492060,ETH-15970568,1588292118962,1,208.7,ETH-PERPETUAL,208.58,buy,18.0
12492061,ETH-15970569,1588292119176,0,208.75,ETH-PERPETUAL,208.63,buy,5.0
12492062,ETH-15970570,1588292119342,0,208.8,ETH-PERPETUAL,208.63,buy,1345.0
12492063,ETH-15970571,1588292119418,2,208.75,ETH-PERPETUAL,208.63,buy,1.0
12492064,ETH-15970572,1588292119464,0,208.8,ETH-PERPETUAL,208.63,buy,1182.0
12492065,ETH-15970573,1588292119477,1,208.8,ETH-PERPETUAL,208.63,buy,1037.0
12492066,ETH-15970574,1588292119488,1,208.8,ETH-PERPETUAL,208.63,buy,3028.0
12492067,ETH-15970575,1588292119499,1,208.8,ETH-PERPETUAL,208.63,buy,1661.0
12492068,ETH-15970576,1588292119532,1,208.8,ETH-PERPETUAL,208.63,buy,1894.0
12492069,ETH-15970577,1588292119534,1,208.8,ETH-PERPETUAL,208.63,buy,1020.0
12492070,ETH-15970578,1588292119536,1,208.8,ETH-PERPETUAL,208.63,buy,1104.0
12492071,ETH-15970579,1588292119539,1,208.8,ETH-PERPETUAL,208.63,buy,1501.0
12492072,ETH-15970580,1588292119540,1,208.8,ETH-PERPETUAL,208.63,buy,400.0
12492073,ETH-15970581,1588292119543,1,208.8,ETH-PERPETUAL,208.63,buy,1700.0
12492074,ETH-15970582,1588292119545,1,208.8,ETH-PERPETUAL,208.63,buy,500.0
12492075,ETH-15970583,1588292119546,1,208.8,ETH-PERPETUAL,208.63,buy,1300.0
12492076,ETH-15970584,1588292119548,1,208.8,ETH-PERPETUAL,208.63,buy,5249.0
12492077,ETH-15970585,1588292119548,1,208.8,ETH-PERPETUAL,208.63,buy,16.0
12492078,ETH-15970587,1588292119636,0,208.85,ETH-PERPETUAL,208.63,buy,135.0
12492079,ETH-15970588,1588292119638,1,208.85,ETH-PERPETUAL,208.63,buy,115.0
12492080,ETH-15970591,1588292120062,0,208.9,ETH-PERPETUAL,208.63,buy,500.0
12492081,ETH-15970592,1588292121001,2,208.85,ETH-PERPETUAL,208.73,sell,525.0
12492082,ETH-15970593,1588292121640,3,208.85,ETH-PERPETUAL,208.76,sell,10.0
12492083,ETH-15970594,1588292122065,2,208.8,ETH-PERPETUAL,208.76,sell,200.0
12492084,ETH-15970595,1588292122065,3,208.8,ETH-PERPETUAL,208.76,sell,100.0
12492085,ETH-15970596,1588292122065,3,208.8,ETH-PERPETUAL,208.76,sell,20.0
12492086,ETH-15970597,1588292122065,3,208.8,ETH-PERPETUAL,208.76,sell,10.0
12492087,ETH-15970601,1588292127074,0,208.85,ETH-PERPETUAL,208.8,buy,83.0
12492088,ETH-15970602,1588292128447,2,208.75,ETH-PERPETUAL,208.82,sell,53.0
12492089,ETH-15970603,1588292128483,2,208.7,ETH-PERPETUAL,208.82,sell,20.0
12492090,ETH-15970604,1588292128483,3,208.7,ETH-PERPETUAL,208.82,sell,3680.0
12492091,ETH-15970605,1588292128506,0,208.75,ETH-PERPETUAL,208.82,sell,20.0
12492092,ETH-15970606,1588292128506,2,208.7,ETH-PERPETUAL,208.82,sell,1221.0
12492093,ETH-15970607,1588292128509,3,208.7,ETH-PERPETUAL,208.82,sell,20.0
12492094,ETH-15970608,1588292128524,3,208.7,ETH-PERPETUAL,208.82,sell,20.0
12492095,ETH-15970609,1588292128553,3,208.7,ETH-PERPETUAL,208.82,sell,3840.0
12492096,ETH-15970610,1588292128568,2,208.65,ETH-PERPETUAL,208.82,sell,500.0
12492097,ETH-15970614,1588292128601,2,208.6,ETH-PERPETUAL,208.82,sell,800.0
12492098,ETH-15970616,1588292128672,2,208.55,ETH-PERPETUAL,208.82,sell,8638.0
12492099,ETH-15970617,1588292128672,3,208.55,ETH-PERPETUAL,208.82,sell,20.0
12492100,ETH-15970618,1588292128672,3,208.55,ETH-PERPETUAL,208.82,sell,800.0
12492101,ETH-15970621,1588292128824,2,208.5,ETH-PERPETUAL,208.82,sell,800.0
12492102,ETH-15970624,1588292130732,0,208.55,ETH-PERPETUAL,208.7,buy,200.0
12492103,ETH-15970625,1588292130732,1,208.55,ETH-PERPETUAL,208.7,buy,100.0
12492104,ETH-15970626,1588292138643,1,208.55,ETH-PERPETUAL,208.65,sell,36.0
12492105,ETH-15970627,1588292140999,2,208.5,ETH-PERPETUAL,208.59,sell,1.0
12492106,ETH-15970628,1588292141532,3,208.5,ETH-PERPETUAL,208.58,sell,25.0
12492107,ETH-15970629,1588292143172,2,208.4,ETH-PERPETUAL,208.56,sell,18.0
12492108,ETH-15970630,1588292143172,3,208.4,ETH-PERPETUAL,208.56,sell,125.0
12492109,ETH-15970631,1588292145953,0,208.45,ETH-PERPETUAL,208.5,buy,20.0
12492110,ETH-15970632,1588292145967,1,208.45,ETH-PERPETUAL,208.5,buy,20.0
12492111,ETH-15970633,1588292155693,0,208.55,ETH-PERPETUAL,208.53,buy,1.0
12492112,ETH-15970634,1588292155693,1,208.55,ETH-PERPETUAL,208.53,buy,1.0
12492113,ETH-15970635,1588292164906,0,208.6,ETH-PERPETUAL,208.61,buy,1.0
12492114,ETH-15970636,1588292164906,1,208.6,ETH-PERPETUAL,208.61,buy,4.0
12492115,ETH-15970637,1588292164906,1,208.6,ETH-PERPETUAL,208.61,buy,1.0
12492116,ETH-15970638,1588292165062,0,208.65,ETH-PERPETUAL,208.61,buy,426.0
12492117,ETH-15970639,1588292165064,1,208.65,ETH-PERPETUAL,208.61,buy,74.0
12492118,ETH-15970640,1588292165064,1,208.65,ETH-PERPETUAL,208.61,buy,20.0
12492119,ETH-15970641,1588292177653,0,208.8,ETH-PERPETUAL,208.77,buy,2.0
12492120,ETH-15970642,1588292177731,0,208.85,ETH-PERPETUAL,208.77,buy,18.0
12492121,ETH-15970643,1588292177731,1,208.85,ETH-PERPETUAL,208.77,buy,1177.0
12492122,ETH-15970644,1588292177732,1,208.85,ETH-PERPETUAL,208.77,buy,2293.0
12492123,ETH-15970645,1588292180241,1,208.85,ETH-PERPETUAL,208.85,sell,1430.0
12492124,ETH-15970646,1588292180241,1,208.85,ETH-PERPETUAL,208.85,sell,200.0
12492125,ETH-15970647,1588292180241,1,208.85,ETH-PERPETUAL,208.85,sell,100.0
12492126,ETH-15970648,1588292180929,2,208.75,ETH-PERPETUAL,208.83,sell,19.0
12492127,ETH-15970649,1588292186521,3,208.75,ETH-PERPETUAL,208.79,buy,200.0
12492128,ETH-15970650,1588292186521,3,208.75,ETH-PERPETUAL,208.79,buy,100.0
12492129,ETH-15970651,1588292186733,0,208.8,ETH-PERPETUAL,208.79,buy,230.0
12492130,ETH-15970652,1588292189453,1,208.8,ETH-PERPETUAL,208.82,sell,12.0
12492131,ETH-15970653,1588292190734,1,208.8,ETH-PERPETUAL,208.79,sell,18.0
12492132,ETH-15970654,1588292196902,2,208.75,ETH-PERPETUAL,208.78,sell,3.0
12492133,ETH-15970655,1588292196902,3,208.75,ETH-PERPETUAL,208.78,sell,497.0
12492134,ETH-15970656,1588292196906,3,208.75,ETH-PERPETUAL,208.78,sell,3.0
12492135,ETH-15970657,1588292198137,3,208.75,ETH-PERPETUAL,208.76,sell,1.0
12492136,ETH-15970658,1588292199372,2,208.7,ETH-PERPETUAL,208.74,sell,20.0
12492137,ETH-15970659,1588292199372,3,208.7,ETH-PERPETUAL,208.74,sell,10.0
12492138,ETH-15970660,1588292199372,3,208.7,ETH-PERPETUAL,208.74,sell,20.0
12492139,ETH-15970661,1588292199676,3,208.7,ETH-PERPETUAL,208.71,sell,10.0
12492140,ETH-15970662,1588292200015,2,208.65,ETH-PERPETUAL,208.71,sell,20.0
12492141,ETH-15970664,1588292200557,2,208.55,ETH-PERPETUAL,208.71,sell,1.0
12492142,ETH-15970665,1588292201187,0,208.6,ETH-PERPETUAL,208.68,sell,1.0
12492143,ETH-15970666,1588292203099,2,208.55,ETH-PERPETUAL,208.61,sell,11.0
12492144,ETH-15970667,1588292215086,2,208.5,ETH-PERPETUAL,208.58,sell,500.0
12492145,ETH-15970668,1588292215086,3,208.5,ETH-PERPETUAL,208.58,sell,652.0
12492146,ETH-15970669,1588292215156,2,208.45,ETH-PERPETUAL,208.58,sell,8220.0
12492147,ETH-15970670,1588292215156,3,208.45,ETH-PERPETUAL,208.58,sell,1.0
12492148,ETH-15970671,1588292215156,3,208.45,ETH-PERPETUAL,208.58,sell,2779.0
12492149,ETH-15970672,1588292215158,3,208.45,ETH-PERPETUAL,208.58,sell,3221.0
12492150,ETH-15970673,1588292215906,2,208.4,ETH-PERPETUAL,208.52,sell,83.0
12492151,ETH-15970674,1588292215906,3,208.4,ETH-PERPETUAL,208.52,sell,435.0
12492152,ETH-15970675,1588292215926,3,208.4,ETH-PERPETUAL,208.52,sell,65.0
12492153,ETH-15970676,1588292216837,2,208.35,ETH-PERPETUAL,208.46,sell,20.0
12492154,ETH-15970678,1588292217537,2,208.3,ETH-PERPETUAL,208.46,buy,500.0
12492155,ETH-15970679,1588292219839,0,208.35,ETH-PERPETUAL,208.4,buy,20.0
12492156,ETH-15970680,1588292219839,1,208.35,ETH-PERPETUAL,208.4,buy,500.0
12492157,ETH-15970681,1588292219839,1,208.35,ETH-PERPETUAL,208.4,buy,781.0
12492158,ETH-15970682,1588292221554,1,208.35,ETH-PERPETUAL,208.4,sell,1.0
12492159,ETH-15970683,1588292222275,1,208.35,ETH-PERPETUAL,208.39,buy,500.0
12492160,ETH-15970684,1588292222877,2,208.3,ETH-PERPETUAL,208.37,buy,199.0
12492161,ETH-15970685,1588292228796,3,208.3,ETH-PERPETUAL,208.35,buy,20.0
12492162,ETH-15970686,1588292228796,3,208.3,ETH-PERPETUAL,208.35,buy,16.0
12492163,ETH-15970687,1588292228796,3,208.3,ETH-PERPETUAL,208.35,buy,1.0
12492164,ETH-15970688,1588292229139,0,208.35,ETH-PERPETUAL,208.36,buy,500.0
12492165,ETH-15970689,1588292241221,2,208.3,ETH-PERPETUAL,208.36,buy,10.0
12492166,ETH-15970690,1588292243779,3,208.3,ETH-PERPETUAL,208.36,sell,10.0
12492167,ETH-15970691,1588292244155,2,208.25,ETH-PERPETUAL,208.35,sell,500.0
12492168,ETH-15970692,1588292244155,3,208.25,ETH-PERPETUAL,208.35,sell,1.0
12492169,ETH-15970693,1588292244155,3,208.25,ETH-PERPETUAL,208.35,sell,20.0
12492170,ETH-15970694,1588292244251,2,208.2,ETH-PERPETUAL,208.35,sell,500.0
12492171,ETH-15970695,1588292246058,3,208.2,ETH-PERPETUAL,208.3,buy,20.0
12492172,ETH-15970696,1588292250497,0,208.3,ETH-PERPETUAL,208.32,buy,15.0
12492173,ETH-15970698,1588292258709,0,208.35,ETH-PERPETUAL,208.36,buy,12.0
12492174,ETH-15970699,1588292258709,1,208.35,ETH-PERPETUAL,208.36,buy,1.0
12492175,ETH-15970700,1588292267115,0,208.4,ETH-PERPETUAL,208.41,buy,4.0
12492176,ETH-15970701,1588292267115,1,208.4,ETH-PERPETUAL,208.41,buy,484.0
12492177,ETH-15970702,1588292267119,1,208.4,ETH-PERPETUAL,208.41,buy,16.0
12492178,ETH-15970703,1588292267119,1,208.4,ETH-PERPETUAL,208.41,buy,110.0
12492179,ETH-15970704,1588292267280,0,208.45,ETH-PERPETUAL,208.41,buy,18.0
12492180,ETH-15970705,1588292267280,1,208.45,ETH-PERPETUAL,208.41,buy,3.0
12492181,ETH-15970706,1588292268478,0,208.6,ETH-PERPETUAL,208.48,buy,104.0
12492182,ETH-15970707,1588292268970,2,208.55,ETH-PERPETUAL,208.48,buy,4.0
12492183,ETH-15970708,1588292273521,3,208.55,ETH-PERPETUAL,208.58,buy,10.0
12492184,ETH-15970709,1588292273579,0,208.6,ETH-PERPETUAL,208.58,buy,396.0
12492185,ETH-15970710,1588292273579,1,208.6,ETH-PERPETUAL,208.58,buy,500.0
12492186,ETH-15970711,1588292273651,0,208.65,ETH-PERPETUAL,208.58,buy,1217.0
12492187,ETH-15970712,1588292273664,1,208.65,ETH-PERPETUAL,208.58,buy,16.0
12492188,ETH-15970713,1588292273664,1,208.65,ETH-PERPETUAL,208.58,buy,2.0
12492189,ETH-15970714,1588292279803,1,208.65,ETH-PERPETUAL,208.63,sell,7.0
12492190,ETH-15970715,1588292280820,0,208.7,ETH-PERPETUAL,208.63,buy,4.0
12492191,ETH-15970716,1588292294489,0,208.75,ETH-PERPETUAL,208.79,sell,100.0
12492192,ETH-15970717,1588292294489,1,208.75,ETH-PERPETUAL,208.79,sell,12.0
12492193,ETH-15970718,1588292294489,1,208.75,ETH-PERPETUAL,208.79,sell,200.0
12492194,ETH-15970719,1588292298109,2,208.65,ETH-PERPETUAL,208.71,buy,64.0
12492195,ETH-15970720,1588292300606,2,208.6,ETH-PERPETUAL,208.67,sell,12.0
12492196,ETH-15970721,1588292300606,3,208.6,ETH-PERPETUAL,208.67,sell,1.0
12492197,ETH-15970722,1588292321922,0,208.65,ETH-PERPETUAL,208.68,buy,110.0
12492198,ETH-15970723,1588292324234,0,208.7,ETH-PERPETUAL,208.7,buy,1.0
12492199,ETH-15970724,1588292324234,1,208.7,ETH-PERPETUAL,208.7,buy,10.0
12492200,ETH-15970725,1588292324234,1,208.7,ETH-PERPETUAL,208.7,buy,1.0
12492201,ETH-15970726,1588292344049,1,208.7,ETH-PERPETUAL,208.76,sell,6.0
12492202,ETH-15970727,1588292351634,2,208.6,ETH-PERPETUAL,208.67,sell,6.0
12492203,ETH-15970728,1588292352495,2,208.55,ETH-PERPETUAL,208.65,sell,1.0
12492204,ETH-15970729,1588292352495,3,208.55,ETH-PERPETUAL,208.65,sell,20.0
12492205,ETH-15970730,1588292352495,3,208.55,ETH-PERPETUAL,208.65,sell,20.0
12492206,ETH-15970731,1588292353763,2,208.5,ETH-PERPETUAL,208.61,sell,20.0
12492207,ETH-15970734,1588292354219,2,208.4,ETH-PERPETUAL,208.61,sell,20.0
12492208,ETH-15970735,1588292354231,3,208.4,ETH-PERPETUAL,208.61,sell,20.0
12492209,ETH-15970736,1588292357931,2,208.35,ETH-PERPETUAL,208.44,sell,1.0
12492210,ETH-15970737,1588292357931,3,208.35,ETH-PERPETUAL,208.44,sell,13.0
12492211,ETH-15970738,1588292357931,3,208.35,ETH-PERPETUAL,208.44,sell,3.0
12492212,ETH-15970739,1588292358204,2,208.3,ETH-PERPETUAL,208.44,sell,500.0
12492213,ETH-15970740,1588292360266,3,208.3,ETH-PERPETUAL,208.4,buy,100.0
12492214,ETH-15970741,1588292360633,0,208.35,ETH-PERPETUAL,208.4,buy,136.0
12492215,ETH-15970742,1588292361376,0,208.4,ETH-PERPETUAL,208.38,buy,20.0
12492216,ETH-15970743,1588292371839,2,208.3,ETH-PERPETUAL,208.39,sell,20.0
12492217,ETH-15970744,1588292371839,3,208.3,ETH-PERPETUAL,208.39,sell,500.0
12492218,ETH-15970745,1588292374503,3,208.3,ETH-PERPETUAL,208.36,buy,10.0
12492219,ETH-15970746,1588292380392,0,208.35,ETH-PERPETUAL,208.38,sell,500.0
12492220,ETH-15970747,1588292389038,1,208.35,ETH-PERPETUAL,208.4,sell,100.0
12492221,ETH-15970748,1588292389038,1,208.35,ETH-PERPETUAL,208.4,sell,200.0
12492222,ETH-15970749,1588292389353,2,208.3,ETH-PERPETUAL,208.4,sell,723.0
12492223,ETH-15970750,1588292395513,3,208.3,ETH-PERPETUAL,208.35,buy,100.0
12492224,ETH-15970751,1588292395513,3,208.3,ETH-PERPETUAL,208.35,buy,200.0
12492225,ETH-15970752,1588292395513,3,208.3,ETH-PERPETUAL,208.35,buy,5.0
12492226,ETH-15970753,1588292432767,2,208.25,ETH-PERPETUAL,208.33,sell,500.0
12492227,ETH-15970754,1588292432767,3,208.25,ETH-PERPETUAL,208.33,sell,1.0
12492228,ETH-15970755,1588292432767,3,208.25,ETH-PERPETUAL,208.33,sell,20.0
12492229,ETH-15970756,1588292433138,2,208.2,ETH-PERPETUAL,208.33,sell,19.0
12492230,ETH-15970757,1588292433138,3,208.2,ETH-PERPETUAL,208.33,sell,292.0
12492231,ETH-15970758,1588292433140,3,208.2,ETH-PERPETUAL,208.33,sell,351.0
12492232,ETH-15970761,1588292435896,2,208.1,ETH-PERPETUAL,208.19,buy,500.0
12492233,ETH-15970762,1588292435896,3,208.1,ETH-PERPETUAL,208.19,buy,3.0
12492234,ETH-15970763,1588292443121,2,208.05,ETH-PERPETUAL,208.13,sell,125.0
12492235,ETH-15970764,1588292443121,3,208.05,ETH-PERPETUAL,208.13,sell,2.0
12492236,ETH-15970765,1588292443605,2,208.0,ETH-PERPETUAL,208.09,sell,17.0
12492237,ETH-15970766,1588292450437,2,207.95,ETH-PERPETUAL,207.95,buy,591.0
12492238,ETH-15970767,1588292450437,3,207.95,ETH-PERPETUAL,207.95,buy,800.0
12492239,ETH-15970768,1588292450451,3,207.95,ETH-PERPETUAL,207.95,buy,800.0
12492240,ETH-15970769,1588292450461,3,207.95,ETH-PERPETUAL,207.95,buy,800.0
12492241,ETH-15970770,1588292450489,3,207.95,ETH-PERPETUAL,207.95,buy,800.0
12492242,ETH-15970772,1588292451284,0,208.0,ETH-PERPETUAL,207.95,buy,43.0
12492243,ETH-15970773,1588292451284,1,208.0,ETH-PERPETUAL,207.95,buy,472.0
12492244,ETH-15970774,1588292451285,1,208.0,ETH-PERPETUAL,207.95,buy,166.0
12492245,ETH-15970775,1588292455089,2,207.95,ETH-PERPETUAL,207.99,sell,1.0
12492246,ETH-15970776,1588292457899,2,207.9,ETH-PERPETUAL,207.94,buy,28.0
12492247,ETH-15970777,1588292458402,0,208.0,ETH-PERPETUAL,207.94,buy,1.0
12492248,ETH-15970778,1588292466443,2,207.9,ETH-PERPETUAL,207.96,buy,23.0
12492249,ETH-15970779,1588292467323,3,207.9,ETH-PERPETUAL,207.95,sell,1.0
12492250,ETH-15970780,1588292470524,3,207.9,ETH-PERPETUAL,207.92,buy,1000.0
12492251,ETH-15970781,1588292470524,3,207.9,ETH-PERPETUAL,207.92,buy,24.0
12492252,ETH-15970782,1588292471510,0,207.95,ETH-PERPETUAL,207.92,buy,500.0
12492253,ETH-15970783,1588292471510,1,207.95,ETH-PERPETUAL,207.92,buy,1300.0
12492254,ETH-15970784,1588292472373,1,207.95,ETH-PERPETUAL,207.93,sell,200.0
12492255,ETH-15970785,1588292481168,2,207.9,ETH-PERPETUAL,207.86,buy,20.0
12492256,ETH-15970786,1588292483843,2,207.85,ETH-PERPETUAL,207.85,sell,16.0
12492257,ETH-15970787,1588292483843,3,207.85,ETH-PERPETUAL,207.85,sell,1.0
12492258,ETH-15970789,1588292484193,2,207.75,ETH-PERPETUAL,207.85,sell,500.0
12492259,ETH-15970790,1588292484193,3,207.75,ETH-PERPETUAL,207.85,sell,500.0
12492260,ETH-15970791,1588292484457,2,207.7,ETH-PERPETUAL,207.85,sell,5277.0
12492261,ETH-15970792,1588292484457,3,207.7,ETH-PERPETUAL,207.85,sell,14.0
12492262,ETH-15970793,1588292484457,3,207.7,ETH-PERPETUAL,207.85,sell,3000.0
12492263,ETH-15970794,1588292485212,2,207.6,ETH-PERPETUAL,207.78,sell,13.0
12492264,ETH-15970798,1588292486299,2,207.55,ETH-PERPETUAL,207.74,sell,11.0
12492265,ETH-15970799,1588292486349,3,207.55,ETH-PERPETUAL,207.74,sell,3.0
12492266,ETH-15970800,1588292486349,3,207.55,ETH-PERPETUAL,207.74,sell,600.0
12492267,ETH-15970801,1588292486830,0,207.6,ETH-PERPETUAL,207.7,buy,423.0
12492268,ETH-15970802,1588292487162,1,207.6,ETH-PERPETUAL,207.7,buy,377.0
12492269,ETH-15970803,1588292487162,1,207.6,ETH-PERPETUAL,207.7,buy,200.0
12492270,ETH-15970804,1588292488916,0,207.65,ETH-PERPETUAL,207.7,buy,1038.0
12492271,ETH-15970805,1588292494959,0,207.7,ETH-PERPETUAL,207.69,buy,500.0
12492272,ETH-15970806,1588292494959,1,207.7,ETH-PERPETUAL,207.69,buy,1.0
12492273,ETH-15970807,1588292494959,1,207.7,ETH-PERPETUAL,207.69,buy,2077.0
12492274,ETH-15970808,1588292494959,1,207.7,ETH-PERPETUAL,207.69,buy,800.0
12492275,ETH-15970809,1588292494963,1,207.7,ETH-PERPETUAL,207.69,buy,2077.0
12492276,ETH-15970810,1588292494966,1,207.7,ETH-PERPETUAL,207.69,buy,2077.0
12492277,ETH-15970811,1588292494969,1,207.7,ETH-PERPETUAL,207.69,buy,800.0
12492278,ETH-15970812,1588292494970,1,207.7,ETH-PERPETUAL,207.69,buy,2077.0
12492279,ETH-15970813,1588292495480,0,207.75,ETH-PERPETUAL,207.69,buy,500.0
12492280,ETH-15970814,1588292495480,1,207.75,ETH-PERPETUAL,207.69,buy,50.0
12492281,ETH-15970815,1588292498077,0,207.8,ETH-PERPETUAL,207.76,buy,20.0
12492282,ETH-15970816,1588292498077,1,207.8,ETH-PERPETUAL,207.76,buy,1.0
12492283,ETH-15970817,1588292498452,1,207.8,ETH-PERPETUAL,207.76,buy,48.0
12492284,ETH-15970818,1588292501387,0,207.9,ETH-PERPETUAL,207.82,buy,500.0
12492285,ETH-15970819,1588292501387,1,207.9,ETH-PERPETUAL,207.82,buy,500.0
12492286,ETH-15970820,1588292501447,0,207.95,ETH-PERPETUAL,207.82,buy,500.0
12492287,ETH-15970821,1588292501447,1,207.95,ETH-PERPETUAL,207.82,buy,20.0
12492288,ETH-15970822,1588292501450,2,207.9,ETH-PERPETUAL,207.82,buy,32.0
12492289,ETH-15970823,1588292504144,0,208.0,ETH-PERPETUAL,207.92,buy,340.0
12492290,ETH-15970824,1588292504144,1,208.0,ETH-PERPETUAL,207.92,buy,1.0
12492291,ETH-15970825,1588292511065,1,208.0,ETH-PERPETUAL,208.02,buy,300.0
12492292,ETH-15970826,1588292522622,1,208.0,ETH-PERPETUAL,208.02,sell,7.0
12492293,ETH-15970827,1588292522622,1,208.0,ETH-PERPETUAL,208.02,sell,2.0
12492294,ETH-15970828,1588292522622,1,208.0,ETH-PERPETUAL,208.02,sell,1.0
12492295,ETH-15970829,1588292524296,2,207.95,ETH-PERPETUAL,208.0,sell,1.0
12492296,ETH-15970830,1588292533153,2,207.9,ETH-PERPETUAL,207.93,sell,1.0
12492297,ETH-15970831,1588292535012,3,207.9,ETH-PERPETUAL,207.91,buy,1060.0
12492298,ETH-15970832,1588292569932,0,207.95,ETH-PERPETUAL,207.92,buy,3.0
12492299,ETH-15970833,1588292569932,1,207.95,ETH-PERPETUAL,207.92,buy,110.0
12492300,ETH-15970834,1588292569932,1,207.95,ETH-PERPETUAL,207.92,buy,5.0
12492301,ETH-15970835,1588292569932,1,207.95,ETH-PERPETUAL,207.92,buy,3.0
12492302,ETH-15970836,1588292570449,0,208.0,ETH-PERPETUAL,207.95,buy,12.0
12492303,ETH-15970837,1588292570451,1,208.0,ETH-PERPETUAL,207.95,buy,288.0
12492304,ETH-15970838,1588292574667,0,208.05,ETH-PERPETUAL,207.98,buy,4.0
12492305,ETH-15970839,1588292574667,1,208.05,ETH-PERPETUAL,207.98,buy,2.0
12492306,ETH-15970840,1588292574667,1,208.05,ETH-PERPETUAL,207.98,buy,20.0
12492307,ETH-15970842,1588292588558,0,208.15,ETH-PERPETUAL,208.1,sell,8.0
12492308,ETH-15970843,1588292588558,1,208.15,ETH-PERPETUAL,208.1,sell,100.0
12492309,ETH-15970844,1588292588558,1,208.15,ETH-PERPETUAL,208.1,sell,200.0
12492310,ETH-15970845,1588292601348,2,208.1,ETH-PERPETUAL,208.04,buy,40.0
12492311,ETH-15970846,1588292607455,3,208.1,ETH-PERPETUAL,208.05,buy,160.0
12492312,ETH-15970847,1588292607455,3,208.1,ETH-PERPETUAL,208.05,buy,100.0
12492313,ETH-15970848,1588292607455,3,208.1,ETH-PERPETUAL,208.05,buy,4.0
12492314,ETH-15970849,1588292609465,0,208.15,ETH-PERPETUAL,208.09,sell,100.0
12492315,ETH-15970850,1588292609465,1,208.15,ETH-PERPETUAL,208.09,sell,200.0
12492316,ETH-15970851,1588292614424,2,208.05,ETH-PERPETUAL,208.08,sell,500.0
12492317,ETH-15970852,1588292614424,3,208.05,ETH-PERPETUAL,208.08,sell,12.0
12492318,ETH-15970853,1588292623381,2,208.0,ETH-PERPETUAL,208.03,sell,1.0
12492319,ETH-15970854,1588292623381,3,208.0,ETH-PERPETUAL,208.03,sell,11.0
12492320,ETH-15970856,1588292625320,2,207.95,ETH-PERPETUAL,207.99,sell,13.0
12492321,ETH-15970857,1588292631914,2,207.9,ETH-PERPETUAL,207.92,sell,16.0
12492322,ETH-15970858,1588292631914,3,207.9,ETH-PERPETUAL,207.92,sell,2.0
12492323,ETH-15970859,1588292635987,2,207.8,ETH-PERPETUAL,207.88,sell,1.0
12492324,ETH-15970860,1588292635987,3,207.8,ETH-PERPETUAL,207.88,sell,7.0
12492325,ETH-15970861,1588292635987,3,207.8,ETH-PERPETUAL,207.88,sell,1.0
12492326,ETH-15970862,1588292635987,3,207.8,ETH-PERPETUAL,207.88,sell,1.0
12492327,ETH-15970863,1588292636994,2,207.75,ETH-PERPETUAL,207.83,sell,15.0
12492328,ETH-15970864,1588292647412,3,207.75,ETH-PERPETUAL,207.78,buy,100.0
12492329,ETH-15970865,1588292647412,3,207.75,ETH-PERPETUAL,207.78,buy,4.0
12492330,ETH-15970866,1588292647412,3,207.75,ETH-PERPETUAL,207.78,buy,14.0
12492331,ETH-15970867,1588292652385,0,207.9,ETH-PERPETUAL,207.9,buy,20.0
12492332,ETH-15970868,1588292657595,0,208.0,ETH-PERPETUAL,207.99,buy,3.0
12492333,ETH-15970869,1588292657595,1,208.0,ETH-PERPETUAL,207.99,buy,5.0
12492334,ETH-15970870,1588292660058,0,208.05,ETH-PERPETUAL,208.05,buy,20.0
12492335,ETH-15970871,1588292663847,2,208.0,ETH-PERPETUAL,208.07,sell,12.0
12492336,ETH-15970872,1588292663847,3,208.0,ETH-PERPETUAL,208.07,sell,100.0
12492337,ETH-15970873,1588292663847,3,208.0,ETH-PERPETUAL,208.07,sell,20.0
12492338,ETH-15970874,1588292664732,3,208.0,ETH-PERPETUAL,208.04,buy,100.0
12492339,ETH-15970875,1588292664732,3,208.0,ETH-PERPETUAL,208.04,buy,200.0
12492340,ETH-15970876,1588292666445,0,208.1,ETH-PERPETUAL,208.05,buy,220.0
12492341,ETH-15970877,1588292666445,1,208.1,ETH-PERPETUAL,208.05,buy,500.0
12492342,ETH-15970878,1588292672008,0,208.2,ETH-PERPETUAL,208.17,buy,2.0
12492343,ETH-15970879,1588292672008,1,208.2,ETH-PERPETUAL,208.17,buy,20.0
12492344,ETH-15970880,1588292677553,0,208.25,ETH-PERPETUAL,208.23,buy,20.0
12492345,ETH-15970881,1588292680033,0,208.35,ETH-PERPETUAL,208.29,buy,20.0
12492346,ETH-15970882,1588292680033,1,208.35,ETH-PERPETUAL,208.29,buy,1.0
12492347,ETH-15970883,1588292681955,0,208.4,ETH-PERPETUAL,208.3,buy,1.0
12492348,ETH-15970884,1588292690970,0,208.45,ETH-PERPETUAL,208.39,buy,2.0
12492349,ETH-15970885,1588292690970,1,208.45,ETH-PERPETUAL,208.39,buy,10.0
12492350,ETH-15970887,1588292691785,0,208.55,ETH-PERPETUAL,208.39,buy,19.0
12492351,ETH-15970888,1588292696865,0,208.65,ETH-PERPETUAL,208.54,buy,2.0
12492352,ETH-15970889,1588292697397,0,208.75,ETH-PERPETUAL,208.55,buy,17.0
12492353,ETH-15970890,1588292697397,1,208.75,ETH-PERPETUAL,208.55,buy,687.0
12492354,ETH-15970892,1588292698846,0,208.8,ETH-PERPETUAL,208.67,sell,200.0
12492355,ETH-15970893,1588292698846,1,208.8,ETH-PERPETUAL,208.67,sell,100.0
12492356,ETH-15970894,1588292703814,2,208.75,ETH-PERPETUAL,208.73,sell,500.0
12492357,ETH-15970895,1588292707948,3,208.75,ETH-PERPETUAL,208.71,buy,200.0
12492358,ETH-15970896,1588292708070,0,208.8,ETH-PERPETUAL,208.71,buy,1.0
12492359,ETH-15970897,1588292712126,0,208.85,ETH-PERPETUAL,208.76,buy,4.0
12492360,ETH-15970898,1588292712181,1,208.85,ETH-PERPETUAL,208.76,buy,500.0
12492361,ETH-15970899,1588292712712,0,208.9,ETH-PERPETUAL,208.76,buy,1.0
12492362,ETH-15970903,1588292715004,1,208.9,ETH-PERPETUAL,208.85,sell,200.0
12492363,ETH-15970904,1588292717062,1,208.9,ETH-PERPETUAL,208.87,buy,200.0
12492364,ETH-15970905,1588292717198,0,208.95,ETH-PERPETUAL,208.87,buy,1570.0
12492365,ETH-15970906,1588292717201,1,208.95,ETH-PERPETUAL,208.87,buy,200.0
12492366,ETH-15970907,1588292717202,1,208.95,ETH-PERPETUAL,208.87,buy,730.0
12492367,ETH-15970908,1588292717202,1,208.95,ETH-PERPETUAL,208.87,buy,15.0
12492368,ETH-15970909,1588292717431,0,209.0,ETH-PERPETUAL,208.9,buy,1.0
12492369,ETH-15970910,1588292717431,1,209.0,ETH-PERPETUAL,208.9,buy,999.0
12492370,ETH-15970911,1588292717485,1,209.0,ETH-PERPETUAL,208.9,buy,1001.0
12492371,ETH-15970912,1588292717485,1,209.0,ETH-PERPETUAL,208.9,buy,2.0
12492372,ETH-15970915,1588292718494,0,209.05,ETH-PERPETUAL,208.95,sell,200.0
12492373,ETH-15970916,1588292722083,0,209.1,ETH-PERPETUAL,208.94,buy,110.0
12492374,ETH-15970917,1588292722695,2,209.05,ETH-PERPETUAL,208.98,sell,200.0
12492375,ETH-15970918,1588292722695,3,209.05,ETH-PERPETUAL,208.98,sell,800.0
12492376,ETH-15970919,1588292722695,3,209.05,ETH-PERPETUAL,208.98,sell,45.0
12492377,ETH-15970920,1588292723083,0,209.15,ETH-PERPETUAL,208.98,buy,14.0
12492378,ETH-15970921,1588292736948,2,209.1,ETH-PERPETUAL,209.12,sell,20.0
12492379,ETH-15970922,1588292736948,3,209.1,ETH-PERPETUAL,209.12,sell,88.0
12492380,ETH-15970923,1588292740047,2,209.05,ETH-PERPETUAL,209.06,sell,20.0
12492381,ETH-15970924,1588292740047,3,209.05,ETH-PERPETUAL,209.06,sell,218.0
12492382,ETH-15970925,1588292741861,2,209.0,ETH-PERPETUAL,209.01,sell,20.0
12492383,ETH-15970926,1588292741861,3,209.0,ETH-PERPETUAL,209.01,sell,20.0
12492384,ETH-15970927,1588292751612,2,208.9,ETH-PERPETUAL,208.92,sell,2.0
12492385,ETH-15970928,1588292751612,3,208.9,ETH-PERPETUAL,208.92,sell,20.0
12492386,ETH-15970929,1588292751612,3,208.9,ETH-PERPETUAL,208.92,sell,79.0
12492387,ETH-15970930,1588292751930,2,208.8,ETH-PERPETUAL,208.92,sell,500.0
12492388,ETH-15970931,1588292751930,3,208.8,ETH-PERPETUAL,208.92,sell,125.0
12492389,ETH-15970932,1588292751930,3,208.8,ETH-PERPETUAL,208.92,sell,100.0
12492390,ETH-15970933,1588292751932,3,208.8,ETH-PERPETUAL,208.92,sell,400.0
12492391,ETH-15970934,1588292765478,3,208.8,ETH-PERPETUAL,208.78,buy,100.0
12492392,ETH-15970935,1588292765478,3,208.8,ETH-PERPETUAL,208.78,buy,400.0
12492393,ETH-15970936,1588292773652,3,208.8,ETH-PERPETUAL,208.82,buy,4.0
12492394,ETH-15970937,1588292773850,0,208.85,ETH-PERPETUAL,208.82,buy,100.0
12492395,ETH-15970938,1588292775652,0,208.9,ETH-PERPETUAL,208.85,buy,20.0
12492396,ETH-15970939,1588292777706,1,208.9,ETH-PERPETUAL,208.91,sell,20.0
12492397,ETH-15970940,1588292777706,1,208.9,ETH-PERPETUAL,208.91,sell,384.0
12492398,ETH-15970941,1588292777707,1,208.9,ETH-PERPETUAL,208.91,sell,1096.0
12492399,ETH-15970942,1588292777707,1,208.9,ETH-PERPETUAL,208.91,sell,100.0
12492400,ETH-15970943,1588292777707,1,208.9,ETH-PERPETUAL,208.91,sell,35.0
12492401,ETH-15970944,1588292778772,2,208.8,ETH-PERPETUAL,208.85,sell,1.0
12492402,ETH-15970945,1588292784986,2,208.75,ETH-PERPETUAL,208.8,sell,40.0
12492403,ETH-15970946,1588292784986,3,208.75,ETH-PERPETUAL,208.8,sell,20.0
12492404,ETH-15970947,1588292784986,3,208.75,ETH-PERPETUAL,208.8,sell,10.0
12492405,ETH-15970948,1588292785215,2,208.7,ETH-PERPETUAL,208.8,sell,500.0
12492406,ETH-15970949,1588292785215,3,208.7,ETH-PERPETUAL,208.8,sell,125.0
12492407,ETH-15970950,1588292785215,3,208.7,ETH-PERPETUAL,208.8,sell,1.0
12492408,ETH-15970951,1588292790347,2,208.65,ETH-PERPETUAL,208.73,sell,20.0
12492409,ETH-15970952,1588292790347,3,208.65,ETH-PERPETUAL,208.73,sell,37.0
12492410,ETH-15970953,1588292790584,2,208.6,ETH-PERPETUAL,208.73,sell,2086.0
12492411,ETH-15970954,1588292790584,3,208.6,ETH-PERPETUAL,208.73,sell,125.0
12492412,ETH-15970955,1588292790584,3,208.6,ETH-PERPETUAL,208.73,sell,1.0
12492413,ETH-15970956,1588292791058,2,208.5,ETH-PERPETUAL,208.69,sell,125.0
12492414,ETH-15970957,1588292793428,0,208.55,ETH-PERPETUAL,208.64,buy,200.0
12492415,ETH-15970958,1588292793428,1,208.55,ETH-PERPETUAL,208.64,buy,100.0
12492416,ETH-15970959,1588292797009,0,208.65,ETH-PERPETUAL,208.65,sell,200.0
12492417,ETH-15970960,1588292797197,2,208.6,ETH-PERPETUAL,208.65,sell,500.0
12492418,ETH-15970962,1588292797842,2,208.5,ETH-PERPETUAL,208.61,sell,1.0
12492419,ETH-15970963,1588292805092,2,208.45,ETH-PERPETUAL,208.52,sell,18.0
12492420,ETH-15970964,1588292805092,3,208.45,ETH-PERPETUAL,208.52,sell,125.0
12492421,ETH-15970965,1588292805092,3,208.45,ETH-PERPETUAL,208.52,sell,300.0
12492422,ETH-15970966,1588292806221,3,208.45,ETH-PERPETUAL,208.52,buy,200.0
12492423,ETH-15970967,1588292807245,3,208.45,ETH-PERPETUAL,208.51,buy,5.0
12492424,ETH-15970968,1588292807245,3,208.45,ETH-PERPETUAL,208.51,buy,200.0
12492425,ETH-15970969,1588292811605,0,208.5,ETH-PERPETUAL,208.5,buy,1.0
12492426,ETH-15970970,1588292811605,1,208.5,ETH-PERPETUAL,208.5,buy,11.0
12492427,ETH-15970971,1588292818428,0,208.55,ETH-PERPETUAL,208.54,buy,20.0
12492428,ETH-15970972,1588292818428,1,208.55,ETH-PERPETUAL,208.54,buy,10.0
12492429,ETH-15970974,1588292825084,1,208.55,ETH-PERPETUAL,208.54,sell,18.0
12492430,ETH-15970975,1588292838851,2,208.5,ETH-PERPETUAL,208.53,sell,3.0
12492431,ETH-15970977,1588292841026,2,208.45,ETH-PERPETUAL,208.52,sell,500.0
12492432,ETH-15970978,1588292844153,3,208.45,ETH-PERPETUAL,208.47,sell,2.0
12492433,ETH-15970979,1588292856715,2,208.4,ETH-PERPETUAL,208.45,sell,1.0
12492434,ETH-15970980,1588292856715,3,208.4,ETH-PERPETUAL,208.45,sell,30.0
12492435,ETH-15970981,1588292873781,0,208.45,ETH-PERPETUAL,208.41,buy,6.0
12492436,ETH-15970982,1588292873781,1,208.45,ETH-PERPETUAL,208.41,buy,5.0
12492437,ETH-15970983,1588292873781,1,208.45,ETH-PERPETUAL,208.41,buy,7.0
12492438,ETH-15970984,1588292874786,0,208.5,ETH-PERPETUAL,208.45,buy,230.0
12492439,ETH-15970987,1588292877968,0,208.55,ETH-PERPETUAL,208.48,buy,20.0
12492440,ETH-15970988,1588292878981,1,208.55,ETH-PERPETUAL,208.51,buy,20.0
12492441,ETH-15970989,1588292880042,0,208.6,ETH-PERPETUAL,208.56,buy,4.0
12492442,ETH-15970990,1588292880042,1,208.6,ETH-PERPETUAL,208.56,buy,2.0
12492443,ETH-15970991,1588292884723,0,208.65,ETH-PERPETUAL,208.63,sell,5.0
