trade_seq,trade_id,timestamp,tick_direction,price,instrument_name,index_price,direction,amount,liquidation
11704999,ETH-14990942,1586217602829,0,171.5,ETH-PERPETUAL,171.59,sell,100.0,
11705000,ETH-14990943,1586217602829,2,171.45,ETH-PERPETUAL,171.59,sell,1150.0,
11705001,ETH-14990944,1586217603842,0,171.5,ETH-PERPETUAL,171.58,buy,4500.0,
11705002,ETH-14990945,1586217603842,1,171.5,ETH-PERPETUAL,171.58,buy,3000.0,
11705003,ETH-14990946,1586217603842,0,171.55,ETH-PERPETUAL,171.58,buy,3.0,
11705004,ETH-14990947,1586217603842,1,171.55,ETH-PERPETUAL,171.58,buy,3000.0,
11705005,ETH-14990948,1586217603842,1,171.55,ETH-PERPETUAL,171.58,buy,200.0,
11705006,ETH-14990949,1586217603842,0,171.6,ETH-PERPETUAL,171.58,buy,3000.0,
11705007,ETH-14990950,1586217603842,1,171.6,ETH-PERPETUAL,171.58,buy,800.0,
11705008,ETH-14990951,1586217603842,1,171.6,ETH-PERPETUAL,171.58,buy,200.0,
11705009,ETH-14990952,1586217603842,1,171.6,ETH-PERPETUAL,171.58,buy,250.0,
11705010,ETH-14990953,1586217603842,0,171.65,ETH-PERPETUAL,171.58,buy,2000.0,
11705011,ETH-14990954,1586217603842,0,171.7,ETH-PERPETUAL,171.58,buy,3000.0,
11705012,ETH-14990955,1586217603842,1,171.7,ETH-PERPETUAL,171.58,buy,4204.0,
11705013,ETH-14990956,1586217603842,1,171.7,ETH-PERPETUAL,171.58,buy,1553.0,
11705014,ETH-14990958,1586217605352,2,171.6,ETH-PERPETUAL,171.58,buy,1.0,
11705015,ETH-14990959,1586217605352,0,171.7,ETH-PERPETUAL,171.58,buy,78.0,
11705016,ETH-14990960,1586217612334,2,171.55,ETH-PERPETUAL,171.67,sell,3.0,
11705017,ETH-14990961,1586217613205,2,171.5,ETH-PERPETUAL,171.65,sell,1.0,
11705018,ETH-14990963,1586217617483,3,171.5,ETH-PERPETUAL,171.6,sell,11.0,
11705019,ETH-14990964,1586217617483,3,171.5,ETH-PERPETUAL,171.6,sell,1.0,
11705020,ETH-14990965,1586217617483,3,171.5,ETH-PERPETUAL,171.6,sell,1110.0,
11705021,ETH-14990966,1586217617936,2,171.45,ETH-PERPETUAL,171.58,sell,113.0,
11705022,ETH-14990967,1586217619012,3,171.45,ETH-PERPETUAL,171.57,sell,900.0,
11705023,ETH-14990968,1586217619018,3,171.45,ETH-PERPETUAL,171.57,sell,987.0,
11705024,ETH-14990969,1586217619018,3,171.45,ETH-PERPETUAL,171.57,sell,2.0,
11705025,ETH-14990970,1586217619018,3,171.45,ETH-PERPETUAL,171.57,sell,6.0,
11705026,ETH-14990971,1586217623713,2,171.4,ETH-PERPETUAL,171.52,sell,16.0,
11705027,ETH-14990972,1586217623713,3,171.4,ETH-PERPETUAL,171.52,sell,2.0,
11705028,ETH-14990973,1586217623713,2,171.35,ETH-PERPETUAL,171.52,sell,10.0,
11705029,ETH-14990974,1586217623713,3,171.35,ETH-PERPETUAL,171.52,sell,20.0,
11705030,ETH-14990975,1586217623713,3,171.35,ETH-PERPETUAL,171.52,sell,123.0,
11705031,ETH-14990976,1586217625174,0,171.4,ETH-PERPETUAL,171.52,sell,12.0,
11705032,ETH-14990977,1586217625174,1,171.4,ETH-PERPETUAL,171.52,sell,2.0,
11705033,ETH-14990978,1586217628335,2,171.3,ETH-PERPETUAL,171.49,sell,1350.0,
11705034,ETH-14990979,1586217628336,3,171.3,ETH-PERPETUAL,171.49,sell,138.0,
11705035,ETH-14990980,1586217628338,3,171.3,ETH-PERPETUAL,171.49,sell,224.0,
11705036,ETH-14990981,1586217628338,2,171.25,ETH-PERPETUAL,171.49,sell,1025.0,
11705037,ETH-14990982,1586217629001,0,171.3,ETH-PERPETUAL,171.47,sell,8.0,
11705038,ETH-14990983,1586217629001,1,171.3,ETH-PERPETUAL,171.47,sell,2.0,
11705039,ETH-14990984,1586217629001,2,171.25,ETH-PERPETUAL,171.47,sell,6287.0,
11705040,ETH-14990985,1586217629001,2,171.2,ETH-PERPETUAL,171.47,sell,4.0,
11705041,ETH-14990986,1586217629001,3,171.2,ETH-PERPETUAL,171.47,sell,3699.0,
11705042,ETH-14990987,1586217632204,0,171.25,ETH-PERPETUAL,171.43,sell,11.0,
11705043,ETH-14990988,1586217632204,1,171.25,ETH-PERPETUAL,171.43,sell,2.0,
11705044,ETH-14990990,1586217633865,0,171.35,ETH-PERPETUAL,171.33,buy,700.0,
11705045,ETH-14990991,1586217633865,1,171.35,ETH-PERPETUAL,171.33,buy,610.0,
11705046,ETH-14990992,1586217633865,1,171.35,ETH-PERPETUAL,171.33,buy,100.0,
11705047,ETH-14990993,1586217633865,1,171.35,ETH-PERPETUAL,171.33,buy,800.0,
11705048,ETH-14990994,1586217633865,1,171.35,ETH-PERPETUAL,171.33,buy,588.0,
11705049,ETH-14990995,1586217635162,2,171.2,ETH-PERPETUAL,171.33,sell,1250.0,
11705050,ETH-14990996,1586217635244,3,171.2,ETH-PERPETUAL,171.33,sell,1350.0,
11705051,ETH-14990998,1586217635582,3,171.2,ETH-PERPETUAL,171.33,sell,19.0,
11705052,ETH-14990999,1586217635582,3,171.2,ETH-PERPETUAL,171.33,sell,3.0,
11705053,ETH-14991000,1586217635582,2,171.15,ETH-PERPETUAL,171.33,sell,100.0,
11705054,ETH-14991001,1586217635582,3,171.15,ETH-PERPETUAL,171.33,sell,878.0,
11705055,ETH-14991002,1586217636478,0,171.2,ETH-PERPETUAL,171.32,sell,1712.0,
11705056,ETH-14991004,1586217637002,1,171.2,ETH-PERPETUAL,171.31,buy,1712.0,
11705057,ETH-14991005,1586217637002,1,171.2,ETH-PERPETUAL,171.31,buy,694.0,
11705058,ETH-14991006,1586217637290,1,171.2,ETH-PERPETUAL,171.31,buy,2059.0,
11705059,ETH-14991007,1586217638300,1,171.2,ETH-PERPETUAL,171.25,buy,347.0,
11705060,ETH-14991008,1586217638300,1,171.2,ETH-PERPETUAL,171.25,buy,1712.0,
11705061,ETH-14991009,1586217638300,1,171.2,ETH-PERPETUAL,171.25,buy,663.0,
11705062,ETH-14991010,1586217638591,1,171.2,ETH-PERPETUAL,171.25,buy,2424.0,
11705063,ETH-14991011,1586217639389,1,171.2,ETH-PERPETUAL,171.26,buy,713.0,
11705064,ETH-14991012,1586217639389,1,171.2,ETH-PERPETUAL,171.26,buy,2693.0,
11705065,ETH-14991013,1586217639582,1,171.2,ETH-PERPETUAL,171.26,buy,2559.0,
11705066,ETH-14991014,1586217640045,1,171.2,ETH-PERPETUAL,171.24,buy,509.0,
11705067,ETH-14991015,1586217641715,1,171.2,ETH-PERPETUAL,171.23,buy,339.0,
11705068,ETH-14991016,1586217641715,1,171.2,ETH-PERPETUAL,171.23,buy,800.0,
11705069,ETH-14991017,1586217641715,1,171.2,ETH-PERPETUAL,171.23,buy,861.0,
11705070,ETH-14991018,1586217641856,1,171.2,ETH-PERPETUAL,171.22,buy,2000.0,
11705071,ETH-14991019,1586217642120,2,171.15,ETH-PERPETUAL,171.22,sell,14.0,
11705072,ETH-14991020,1586217642120,3,171.15,ETH-PERPETUAL,171.22,sell,3.0,
11705073,ETH-14991021,1586217642120,3,171.15,ETH-PERPETUAL,171.22,sell,1.0,
11705074,ETH-14991022,1586217642120,3,171.15,ETH-PERPETUAL,171.22,sell,1.0,
11705075,ETH-14991024,1586217642319,3,171.15,ETH-PERPETUAL,171.22,buy,3455.0,
11705076,ETH-14991025,1586217642691,2,171.1,ETH-PERPETUAL,171.22,sell,4734.0,
11705077,ETH-14991026,1586217642691,3,171.1,ETH-PERPETUAL,171.22,sell,3000.0,
11705078,ETH-14991027,1586217642727,0,171.15,ETH-PERPETUAL,171.22,buy,1728.0,
11705079,ETH-14991028,1586217642805,2,171.1,ETH-PERPETUAL,171.18,sell,546.0,
11705080,ETH-14991029,1586217642805,3,171.1,ETH-PERPETUAL,171.18,sell,546.0,
11705081,ETH-14991030,1586217642805,2,171.0,ETH-PERPETUAL,171.18,sell,6200.0,
11705082,ETH-14991031,1586217642805,2,170.95,ETH-PERPETUAL,171.18,sell,1592.0,
11705083,ETH-14991032,1586217642807,3,170.95,ETH-PERPETUAL,171.18,sell,1350.0,
11705084,ETH-14991033,1586217642808,3,170.95,ETH-PERPETUAL,171.18,sell,889.0,
11705085,ETH-14991034,1586217642808,3,170.95,ETH-PERPETUAL,171.18,sell,183.0,
11705086,ETH-14991035,1586217642809,3,170.95,ETH-PERPETUAL,171.18,sell,1250.0,
11705087,ETH-14991036,1586217642837,3,170.95,ETH-PERPETUAL,171.18,sell,24.0,
11705088,ETH-14991037,1586217642901,3,170.95,ETH-PERPETUAL,171.18,sell,1350.0,
11705089,ETH-14991038,1586217642989,3,170.95,ETH-PERPETUAL,171.18,sell,1250.0,
11705090,ETH-14991039,1586217643043,0,171.1,ETH-PERPETUAL,171.18,buy,2605.0,
11705091,ETH-14991040,1586217643348,1,171.1,ETH-PERPETUAL,171.18,buy,830.0,
11705092,ETH-14991041,1586217643389,2,171.0,ETH-PERPETUAL,171.18,sell,28.0,
11705093,ETH-14991042,1586217643389,3,171.0,ETH-PERPETUAL,171.18,sell,1232.0,
11705094,ETH-14991043,1586217645384,0,171.15,ETH-PERPETUAL,171.17,buy,800.0,
11705095,ETH-14991047,1586217648047,0,171.2,ETH-PERPETUAL,171.24,sell,8.0,
11705096,ETH-14991048,1586217648047,1,171.2,ETH-PERPETUAL,171.24,sell,100.0,
11705097,ETH-14991049,1586217648047,1,171.2,ETH-PERPETUAL,171.24,sell,3.0,
11705098,ETH-14991050,1586217649669,2,171.1,ETH-PERPETUAL,171.19,sell,12.0,
11705099,ETH-14991051,1586217652487,2,171.05,ETH-PERPETUAL,171.2,sell,1710.0,
11705100,ETH-14991052,1586217652487,3,171.05,ETH-PERPETUAL,171.2,sell,3.0,
11705101,ETH-14991053,1586217652614,3,171.05,ETH-PERPETUAL,171.2,sell,12.0,
11705102,ETH-14991054,1586217653585,3,171.05,ETH-PERPETUAL,171.17,sell,1198.0,
11705103,ETH-14991055,1586217653654,3,171.05,ETH-PERPETUAL,171.17,sell,2.0,
11705104,ETH-14991056,1586217655049,2,171.0,ETH-PERPETUAL,171.15,sell,1710.0,
11705105,ETH-14991057,1586217656075,2,170.95,ETH-PERPETUAL,171.1,sell,16.0,
11705106,ETH-14991058,1586217656462,3,170.95,ETH-PERPETUAL,171.1,sell,10.0,
11705107,ETH-14991059,1586217656462,2,170.85,ETH-PERPETUAL,171.1,sell,990.0,
11705108,ETH-14991060,1586217657564,0,170.95,ETH-PERPETUAL,171.09,sell,3.0,
11705109,ETH-14991061,1586217660621,2,170.9,ETH-PERPETUAL,170.98,buy,30.0,
11705110,ETH-14991062,1586217660887,3,170.9,ETH-PERPETUAL,170.98,buy,800.0,
11705111,ETH-14991063,1586217660903,3,170.9,ETH-PERPETUAL,170.98,buy,800.0,
11705112,ETH-14991064,1586217660918,3,170.9,ETH-PERPETUAL,170.98,buy,800.0,
11705113,ETH-14991065,1586217660964,3,170.9,ETH-PERPETUAL,170.98,buy,517.0,
11705114,ETH-14991066,1586217661043,0,170.95,ETH-PERPETUAL,170.98,buy,800.0,
11705115,ETH-14991068,1586217661091,1,170.95,ETH-PERPETUAL,170.98,buy,800.0,
11705116,ETH-14991073,1586217661263,0,171.0,ETH-PERPETUAL,170.98,buy,800.0,
11705117,ETH-14991076,1586217662049,0,171.05,ETH-PERPETUAL,171.04,buy,504.0,
11705118,ETH-14991077,1586217663568,1,171.05,ETH-PERPETUAL,171.08,sell,30.0,
11705119,ETH-14991078,1586217664344,1,171.05,ETH-PERPETUAL,171.09,sell,1.0,
11705120,ETH-14991079,1586217665067,1,171.05,ETH-PERPETUAL,171.1,sell,1.0,
11705121,ETH-14991080,1586217665067,1,171.05,ETH-PERPETUAL,171.1,sell,1271.0,
11705122,ETH-14991082,1586217667567,1,171.05,ETH-PERPETUAL,171.12,buy,20.0,
11705123,ETH-14991083,1586217667567,1,171.05,ETH-PERPETUAL,171.12,buy,132.0,
11705124,ETH-14991084,1586217668070,0,171.1,ETH-PERPETUAL,171.13,buy,1.0,
11705125,ETH-14991085,1586217668070,1,171.1,ETH-PERPETUAL,171.13,buy,20.0,
11705126,ETH-14991086,1586217671333,1,171.1,ETH-PERPETUAL,171.17,sell,1.0,
11705127,ETH-14991088,1586217672701,0,171.2,ETH-PERPETUAL,171.19,buy,1.0,
11705128,ETH-14991089,1586217678077,1,171.2,ETH-PERPETUAL,171.32,sell,3.0,
11705129,ETH-14991090,1586217682906,1,171.2,ETH-PERPETUAL,171.29,buy,1.0,
11705130,ETH-14991091,1586217686145,0,171.25,ETH-PERPETUAL,171.36,sell,1712.0,
11705131,ETH-14991092,1586217686166,1,171.25,ETH-PERPETUAL,171.36,sell,1712.0,
11705132,ETH-14991093,1586217686166,1,171.25,ETH-PERPETUAL,171.36,sell,2.0,
11705133,ETH-14991094,1586217688446,1,171.25,ETH-PERPETUAL,171.31,buy,1.0,
11705134,ETH-14991095,1586217694054,0,171.3,ETH-PERPETUAL,171.36,buy,2000.0,
11705135,ETH-14991096,1586217694054,1,171.3,ETH-PERPETUAL,171.36,buy,1.0,
11705136,ETH-14991097,1586217694054,1,171.3,ETH-PERPETUAL,171.36,buy,1.0,
11705137,ETH-14991098,1586217694598,0,171.35,ETH-PERPETUAL,171.38,buy,100.0,
11705138,ETH-14991099,1586217695709,0,171.4,ETH-PERPETUAL,171.41,buy,1.0,
11705139,ETH-14991101,1586217704008,1,171.4,ETH-PERPETUAL,171.49,sell,800.0,
11705140,ETH-14991102,1586217713048,2,171.35,ETH-PERPETUAL,171.48,buy,100.0,
11705141,ETH-14991103,1586217713091,0,171.4,ETH-PERPETUAL,171.48,buy,1.0,
11705142,ETH-14991104,1586217713091,1,171.4,ETH-PERPETUAL,171.48,buy,1558.0,
11705143,ETH-14991105,1586217722671,0,171.45,ETH-PERPETUAL,171.52,buy,1998.0,
11705144,ETH-14991106,1586217722683,1,171.45,ETH-PERPETUAL,171.52,buy,2.0,
11705145,ETH-14991107,1586217722683,1,171.45,ETH-PERPETUAL,171.52,buy,1.0,
11705146,ETH-14991108,1586217722683,1,171.45,ETH-PERPETUAL,171.52,buy,2.0,
11705147,ETH-14991109,1586217722683,1,171.45,ETH-PERPETUAL,171.52,buy,8.0,
11705148,ETH-14991110,1586217722683,1,171.45,ETH-PERPETUAL,171.52,buy,4.0,
11705149,ETH-14991111,1586217726628,0,171.5,ETH-PERPETUAL,171.56,buy,1.0,
11705150,ETH-14991112,1586217731478,0,171.55,ETH-PERPETUAL,171.62,buy,17.0,
11705151,ETH-14991113,1586217731811,0,171.6,ETH-PERPETUAL,171.62,buy,2000.0,
11705152,ETH-14991114,1586217731811,1,171.6,ETH-PERPETUAL,171.62,buy,1.0,
11705153,ETH-14991115,1586217731811,1,171.6,ETH-PERPETUAL,171.62,buy,4.0,
11705154,ETH-14991120,1586217734430,0,171.7,ETH-PERPETUAL,171.7,buy,25.0,
11705155,ETH-14991121,1586217734430,1,171.7,ETH-PERPETUAL,171.7,buy,4.0,
11705156,ETH-14991123,1586217734724,0,171.75,ETH-PERPETUAL,171.7,buy,1.0,
11705157,ETH-14991124,1586217739180,0,171.8,ETH-PERPETUAL,171.79,buy,3.0,
11705158,ETH-14991125,1586217739180,1,171.8,ETH-PERPETUAL,171.79,buy,25.0,
11705159,ETH-14991126,1586217739180,1,171.8,ETH-PERPETUAL,171.79,buy,4.0,
11705160,ETH-14991128,1586217739757,1,171.8,ETH-PERPETUAL,171.81,buy,23.0,
11705161,ETH-14991129,1586217739795,1,171.8,ETH-PERPETUAL,171.81,buy,4.0,
11705162,ETH-14991130,1586217739978,0,171.85,ETH-PERPETUAL,171.81,buy,1.0,
11705163,ETH-14991133,1586217742157,0,171.9,ETH-PERPETUAL,171.85,buy,2000.0,
11705164,ETH-14991134,1586217742573,0,171.95,ETH-PERPETUAL,171.87,buy,10.0,
11705165,ETH-14991135,1586217742811,1,171.95,ETH-PERPETUAL,171.87,buy,1.0,
11705166,ETH-14991136,1586217742811,1,171.95,ETH-PERPETUAL,171.87,buy,4.0,
11705167,ETH-14991137,1586217743220,1,171.95,ETH-PERPETUAL,171.87,buy,17.0,
11705168,ETH-14991138,1586217746453,0,172.0,ETH-PERPETUAL,171.95,buy,4000.0,
11705169,ETH-14991139,1586217746453,1,172.0,ETH-PERPETUAL,171.95,buy,5.0,
11705170,ETH-14991140,1586217746453,1,172.0,ETH-PERPETUAL,171.95,buy,32.0,
11705171,ETH-14991142,1586217746846,1,172.0,ETH-PERPETUAL,171.94,buy,768.0,
11705172,ETH-14991143,1586217746976,0,172.05,ETH-PERPETUAL,171.94,buy,1.0,
11705173,ETH-14991144,1586217746976,1,172.05,ETH-PERPETUAL,171.94,buy,9.0,
11705174,ETH-14991145,1586217747190,1,172.05,ETH-PERPETUAL,171.94,buy,724.0,
11705175,ETH-14991146,1586217747195,0,172.1,ETH-PERPETUAL,171.94,buy,3.0,
11705176,ETH-14991147,1586217747316,0,172.15,ETH-PERPETUAL,171.94,buy,2000.0,
11705177,ETH-14991148,1586217747316,1,172.15,ETH-PERPETUAL,171.94,buy,1.0,
11705178,ETH-14991149,1586217747316,1,172.15,ETH-PERPETUAL,171.94,buy,734.0,
11705179,ETH-14991150,1586217747316,1,172.15,ETH-PERPETUAL,171.94,buy,10.0,
11705180,ETH-14991153,1586217748684,0,172.2,ETH-PERPETUAL,172.05,sell,100.0,
11705181,ETH-14991154,1586217748700,2,172.15,ETH-PERPETUAL,172.05,sell,1.0,
11705182,ETH-14991155,1586217749150,2,172.1,ETH-PERPETUAL,172.05,sell,5.0,
11705183,ETH-14991156,1586217749717,3,172.1,ETH-PERPETUAL,172.03,sell,5.0,
11705184,ETH-14991157,1586217750184,3,172.1,ETH-PERPETUAL,172.03,buy,100.0,
11705185,ETH-14991158,1586217753134,0,172.15,ETH-PERPETUAL,172.12,buy,6.0,
11705186,ETH-14991159,1586217753134,1,172.15,ETH-PERPETUAL,172.12,buy,34.0,
11705187,ETH-14991160,1586217753134,1,172.15,ETH-PERPETUAL,172.12,buy,809.0,
11705188,ETH-14991161,1586217753589,0,172.2,ETH-PERPETUAL,172.14,buy,708.0,T
11705189,ETH-14991162,1586217753589,0,172.25,ETH-PERPETUAL,172.14,buy,1.0,T
11705190,ETH-14991163,1586217753589,1,172.25,ETH-PERPETUAL,172.14,buy,137.0,T
11705191,ETH-14991164,1586217753589,1,172.25,ETH-PERPETUAL,172.14,buy,137.0,T
11705192,ETH-14991165,1586217753589,1,172.25,ETH-PERPETUAL,172.14,buy,10.0,T
11705193,ETH-14991166,1586217753589,0,172.3,ETH-PERPETUAL,172.14,buy,2.0,T
11705194,ETH-14991167,1586217753589,1,172.3,ETH-PERPETUAL,172.14,buy,159.0,T
11705195,ETH-14991168,1586217753589,1,172.3,ETH-PERPETUAL,172.14,buy,250.0,T
11705196,ETH-14991169,1586217753589,1,172.3,ETH-PERPETUAL,172.14,buy,2443.0,T
11705197,ETH-14991170,1586217754499,1,172.3,ETH-PERPETUAL,172.14,buy,661.0,
11705198,ETH-14991171,1586217754501,1,172.3,ETH-PERPETUAL,172.14,buy,139.0,
11705199,ETH-14991172,1586217754501,0,172.35,ETH-PERPETUAL,172.14,buy,449.0,
11705200,ETH-14991173,1586217754501,1,172.35,ETH-PERPETUAL,172.14,buy,101.0,
11705201,ETH-14991174,1586217754567,2,172.25,ETH-PERPETUAL,172.17,buy,657.0,
11705202,ETH-14991175,1586217754581,0,172.35,ETH-PERPETUAL,172.17,buy,658.0,
11705203,ETH-14991176,1586217754595,1,172.35,ETH-PERPETUAL,172.17,buy,241.0,T
11705204,ETH-14991177,1586217754595,1,172.35,ETH-PERPETUAL,172.17,buy,1.0,T
11705205,ETH-14991178,1586217754595,1,172.35,ETH-PERPETUAL,172.17,buy,1.0,T
11705206,ETH-14991179,1586217754595,1,172.35,ETH-PERPETUAL,172.17,buy,1.0,T
11705207,ETH-14991180,1586217754595,1,172.35,ETH-PERPETUAL,172.17,buy,3122.0,T
11705208,ETH-14991182,1586217754609,1,172.35,ETH-PERPETUAL,172.17,buy,168.0,
11705209,ETH-14991183,1586217754609,1,172.35,ETH-PERPETUAL,172.17,buy,800.0,
11705210,ETH-14991185,1586217754675,1,172.35,ETH-PERPETUAL,172.17,buy,800.0,
11705211,ETH-14991186,1586217754872,1,172.35,ETH-PERPETUAL,172.17,buy,592.0,
11705212,ETH-14991188,1586217755091,1,172.35,ETH-PERPETUAL,172.17,buy,208.0,
11705213,ETH-14991189,1586217755091,1,172.35,ETH-PERPETUAL,172.17,buy,711.0,
11705214,ETH-14991190,1586217755091,1,172.35,ETH-PERPETUAL,172.17,buy,519.0,
11705215,ETH-14991191,1586217755091,1,172.35,ETH-PERPETUAL,172.17,buy,250.0,
11705216,ETH-14991192,1586217755401,0,172.4,ETH-PERPETUAL,172.17,buy,2000.0,T
11705217,ETH-14991193,1586217755401,1,172.4,ETH-PERPETUAL,172.17,buy,800.0,T
11705218,ETH-14991194,1586217755401,1,172.4,ETH-PERPETUAL,172.17,buy,145.0,T
11705219,ETH-14991196,1586217755416,1,172.4,ETH-PERPETUAL,172.17,buy,448.0,
11705220,ETH-14991197,1586217755428,1,172.4,ETH-PERPETUAL,172.17,buy,800.0,
11705221,ETH-14991201,1586217756206,0,172.45,ETH-PERPETUAL,172.21,buy,800.0,T
11705222,ETH-14991202,1586217756206,1,172.45,ETH-PERPETUAL,172.21,buy,44.0,T
11705223,ETH-14991203,1586217756206,1,172.45,ETH-PERPETUAL,172.21,buy,6.0,T
11705224,ETH-14991204,1586217756206,0,172.5,ETH-PERPETUAL,172.21,buy,812.0,T
11705225,ETH-14991205,1586217756206,1,172.5,ETH-PERPETUAL,172.21,buy,915.0,T
11705226,ETH-14991206,1586217756210,1,172.5,ETH-PERPETUAL,172.21,buy,171.0,
11705227,ETH-14991207,1586217756907,2,172.35,ETH-PERPETUAL,172.24,sell,1895.0,
11705228,ETH-14991208,1586217757010,0,172.4,ETH-PERPETUAL,172.24,buy,837.0,T
11705229,ETH-14991209,1586217757010,1,172.4,ETH-PERPETUAL,172.24,buy,1418.0,T
11705230,ETH-14991210,1586217757220,2,172.35,ETH-PERPETUAL,172.24,sell,10.0,
11705231,ETH-14991211,1586217757341,3,172.35,ETH-PERPETUAL,172.24,sell,495.0,
11705232,ETH-14991212,1586217757814,0,172.4,ETH-PERPETUAL,172.22,buy,1973.0,T
11705233,ETH-14991213,1586217758619,2,172.35,ETH-PERPETUAL,172.22,buy,35.0,T
11705234,ETH-14991214,1586217758619,3,172.35,ETH-PERPETUAL,172.22,buy,5.0,T
11705235,ETH-14991215,1586217758619,0,172.4,ETH-PERPETUAL,172.22,buy,1687.0,T
11705236,ETH-14991216,1586217759269,2,172.25,ETH-PERPETUAL,172.22,sell,140.0,
11705237,ETH-14991217,1586217759373,2,172.15,ETH-PERPETUAL,172.22,sell,10.0,
11705238,ETH-14991218,1586217759424,0,172.35,ETH-PERPETUAL,172.22,buy,100.0,T
11705239,ETH-14991219,1586217759424,1,172.35,ETH-PERPETUAL,172.22,buy,800.0,T
11705240,ETH-14991220,1586217759424,1,172.35,ETH-PERPETUAL,172.22,buy,611.0,T
11705241,ETH-14991221,1586217760229,2,172.3,ETH-PERPETUAL,172.21,buy,800.0,T
11705242,ETH-14991222,1586217760229,0,172.35,ETH-PERPETUAL,172.21,buy,329.0,T
11705243,ETH-14991223,1586217760229,1,172.35,ETH-PERPETUAL,172.21,buy,193.0,T
11705244,ETH-14991224,1586217761034,2,172.3,ETH-PERPETUAL,172.2,buy,800.0,T
11705245,ETH-14991225,1586217761034,0,172.35,ETH-PERPETUAL,172.2,buy,10.0,T
11705246,ETH-14991226,1586217761034,1,172.35,ETH-PERPETUAL,172.2,buy,347.0,T
11705247,ETH-14991227,1586217761750,2,172.3,ETH-PERPETUAL,172.2,buy,27.0,
11705248,ETH-14991228,1586217761814,0,172.35,ETH-PERPETUAL,172.2,buy,489.0,
11705249,ETH-14991229,1586217761814,1,172.35,ETH-PERPETUAL,172.2,buy,250.0,
11705250,ETH-14991230,1586217761839,0,172.4,ETH-PERPETUAL,172.2,buy,552.0,T
11705251,ETH-14991231,1586217761839,1,172.4,ETH-PERPETUAL,172.2,buy,460.0,T
11705252,ETH-14991232,1586217761956,1,172.4,ETH-PERPETUAL,172.2,buy,340.0,
11705253,ETH-14991233,1586217761956,1,172.4,ETH-PERPETUAL,172.2,buy,250.0,
11705254,ETH-14991234,1586217762212,1,172.4,ETH-PERPETUAL,172.2,buy,637.0,
11705255,ETH-14991235,1586217762212,1,172.4,ETH-PERPETUAL,172.2,buy,4.0,
11705256,ETH-14991236,1586217762275,1,172.4,ETH-PERPETUAL,172.2,buy,250.0,
11705257,ETH-14991237,1586217762331,0,172.45,ETH-PERPETUAL,172.2,buy,1.0,
11705258,ETH-14991238,1586217762331,1,172.45,ETH-PERPETUAL,172.2,buy,1999.0,
11705259,ETH-14991239,1586217762644,1,172.45,ETH-PERPETUAL,172.28,buy,1000.0,T
11705260,ETH-14991241,1586217763449,1,172.45,ETH-PERPETUAL,172.28,buy,125.0,T
11705261,ETH-14991242,1586217763449,1,172.45,ETH-PERPETUAL,172.28,buy,875.0,T
11705262,ETH-14991243,1586217764254,1,172.45,ETH-PERPETUAL,172.29,buy,1000.0,T
11705263,ETH-14991244,1586217765059,2,172.4,ETH-PERPETUAL,172.29,buy,32.0,T
11705264,ETH-14991245,1586217765059,0,172.45,ETH-PERPETUAL,172.29,buy,968.0,T
11705265,ETH-14991246,1586217765864,1,172.45,ETH-PERPETUAL,172.3,buy,257.0,T
11705266,ETH-14991247,1586217765864,1,172.45,ETH-PERPETUAL,172.3,buy,4.0,T
11705267,ETH-14991248,1586217765864,0,172.5,ETH-PERPETUAL,172.3,buy,1.0,T
11705268,ETH-14991249,1586217765864,1,172.5,ETH-PERPETUAL,172.3,buy,1.0,T
11705269,ETH-14991250,1586217765864,1,172.5,ETH-PERPETUAL,172.3,buy,737.0,T
11705270,ETH-14991251,1586217766669,1,172.5,ETH-PERPETUAL,172.33,buy,1000.0,T
11705271,ETH-14991252,1586217767474,2,172.45,ETH-PERPETUAL,172.33,buy,35.0,T
11705272,ETH-14991253,1586217767474,0,172.5,ETH-PERPETUAL,172.33,buy,965.0,T
11705273,ETH-14991254,1586217768279,1,172.5,ETH-PERPETUAL,172.37,buy,83.0,T
11705274,ETH-14991255,1586217768957,2,172.45,ETH-PERPETUAL,172.37,sell,10.0,
11705275,ETH-14991257,1586217769893,0,172.5,ETH-PERPETUAL,172.38,buy,2215.0,
11705276,ETH-14991258,1586217769893,1,172.5,ETH-PERPETUAL,172.38,buy,2.0,
11705277,ETH-14991259,1586217769893,1,172.5,ETH-PERPETUAL,172.38,buy,737.0,
11705278,ETH-14991261,1586217770672,1,172.5,ETH-PERPETUAL,172.41,sell,142.0,
11705279,ETH-14991262,1586217770672,1,172.5,ETH-PERPETUAL,172.41,sell,141.0,
11705280,ETH-14991264,1586217771703,0,172.55,ETH-PERPETUAL,172.4,buy,1.0,
11705281,ETH-14991265,1586217771703,1,172.55,ETH-PERPETUAL,172.4,buy,28.0,
11705282,ETH-14991266,1586217771703,1,172.55,ETH-PERPETUAL,172.4,buy,122.0,
11705283,ETH-14991267,1586217771703,0,172.6,ETH-PERPETUAL,172.4,buy,2500.0,
11705284,ETH-14991268,1586217771703,1,172.6,ETH-PERPETUAL,172.4,buy,2500.0,
11705285,ETH-14991269,1586217771703,1,172.6,ETH-PERPETUAL,172.4,buy,139.0,
11705286,ETH-14991270,1586217771703,1,172.6,ETH-PERPETUAL,172.4,buy,674.0,
11705287,ETH-14991271,1586217773002,2,172.45,ETH-PERPETUAL,172.43,buy,24.0,
11705288,ETH-14991272,1586217774011,0,172.5,ETH-PERPETUAL,172.44,buy,5.0,
11705289,ETH-14991273,1586217774011,1,172.5,ETH-PERPETUAL,172.44,buy,635.0,
11705290,ETH-14991274,1586217774551,0,172.55,ETH-PERPETUAL,172.44,sell,1725.0,
11705291,ETH-14991275,1586217776416,2,172.5,ETH-PERPETUAL,172.46,buy,5.0,
11705292,ETH-14991276,1586217776416,3,172.5,ETH-PERPETUAL,172.46,buy,15.0,
11705293,ETH-14991277,1586217776429,3,172.5,ETH-PERPETUAL,172.46,buy,7.0,
11705294,ETH-14991278,1586217777636,3,172.5,ETH-PERPETUAL,172.46,sell,243.0,
11705295,ETH-14991279,1586217777636,3,172.5,ETH-PERPETUAL,172.46,sell,5.0,
11705296,ETH-14991280,1586217779341,3,172.5,ETH-PERPETUAL,172.46,buy,19.0,T
11705297,ETH-14991281,1586217779341,0,172.55,ETH-PERPETUAL,172.46,buy,3352.0,T
11705298,ETH-14991282,1586217780146,1,172.55,ETH-PERPETUAL,172.48,buy,2648.0,T
11705299,ETH-14991283,1586217780146,1,172.55,ETH-PERPETUAL,172.48,buy,5.0,T
11705300,ETH-14991284,1586217780146,1,172.55,ETH-PERPETUAL,172.48,buy,4.0,T
11705301,ETH-14991285,1586217780146,0,172.6,ETH-PERPETUAL,172.48,buy,292.0,T
11705302,ETH-14991286,1586217780952,0,172.65,ETH-PERPETUAL,172.47,buy,1.0,T
11705303,ETH-14991287,1586217780952,1,172.65,ETH-PERPETUAL,172.47,buy,1.0,T
11705304,ETH-14991288,1586217780952,1,172.65,ETH-PERPETUAL,172.47,buy,1.0,T
11705305,ETH-14991289,1586217780952,1,172.65,ETH-PERPETUAL,172.47,buy,1.0,T
11705306,ETH-14991290,1586217780952,1,172.65,ETH-PERPETUAL,172.47,buy,1726.0,T
11705307,ETH-14991291,1586217780952,1,172.65,ETH-PERPETUAL,172.47,buy,800.0,T
11705308,ETH-14991292,1586217780952,1,172.65,ETH-PERPETUAL,172.47,buy,51.0,T
11705309,ETH-14991293,1586217781757,2,172.6,ETH-PERPETUAL,172.5,buy,3.0,T
11705310,ETH-14991294,1586217781757,3,172.6,ETH-PERPETUAL,172.5,buy,3.0,T
11705311,ETH-14991295,1586217781757,0,172.65,ETH-PERPETUAL,172.5,buy,800.0,T
11705312,ETH-14991296,1586217781757,0,172.7,ETH-PERPETUAL,172.5,buy,1452.0,T
11705313,ETH-14991298,1586217782561,2,172.65,ETH-PERPETUAL,172.5,buy,800.0,T
11705314,ETH-14991299,1586217782561,3,172.65,ETH-PERPETUAL,172.5,buy,17.0,T
11705315,ETH-14991300,1586217782561,3,172.65,ETH-PERPETUAL,172.5,buy,658.0,T
11705316,ETH-14991301,1586217782561,0,172.7,ETH-PERPETUAL,172.5,buy,2.0,T
11705317,ETH-14991302,1586217782561,0,172.75,ETH-PERPETUAL,172.5,buy,1.0,T
11705318,ETH-14991303,1586217782561,1,172.75,ETH-PERPETUAL,172.5,buy,498.0,T
11705319,ETH-14991304,1586217783367,2,172.7,ETH-PERPETUAL,172.53,buy,800.0,T
11705320,ETH-14991305,1586217783367,0,172.75,ETH-PERPETUAL,172.53,buy,929.0,T
11705321,ETH-14991306,1586217783897,2,172.6,ETH-PERPETUAL,172.52,sell,100.0,
11705322,ETH-14991307,1586217783897,3,172.6,ETH-PERPETUAL,172.52,sell,5.0,
11705323,ETH-14991308,1586217783954,2,172.55,ETH-PERPETUAL,172.52,sell,1.0,
11705324,ETH-14991309,1586217783954,3,172.55,ETH-PERPETUAL,172.52,sell,137.0,
11705325,ETH-14991310,1586217784158,2,172.5,ETH-PERPETUAL,172.52,sell,50.0,
11705326,ETH-14991311,1586217784158,3,172.5,ETH-PERPETUAL,172.52,sell,1615.0,
11705327,ETH-14991312,1586217784160,3,172.5,ETH-PERPETUAL,172.52,sell,110.0,
11705328,ETH-14991313,1586217784167,3,172.5,ETH-PERPETUAL,172.52,sell,1241.0,
11705329,ETH-14991314,1586217784171,0,172.55,ETH-PERPETUAL,172.52,buy,1513.0,T
11705330,ETH-14991315,1586217784671,2,172.45,ETH-PERPETUAL,172.52,sell,132.0,
11705331,ETH-14991316,1586217784671,3,172.45,ETH-PERPETUAL,172.52,sell,5.0,
11705332,ETH-14991317,1586217784671,2,172.4,ETH-PERPETUAL,172.52,sell,1.0,
11705333,ETH-14991318,1586217784671,3,172.4,ETH-PERPETUAL,172.52,sell,1.0,
11705334,ETH-14991319,1586217784671,3,172.4,ETH-PERPETUAL,172.52,sell,1.0,
11705335,ETH-14991320,1586217784671,3,172.4,ETH-PERPETUAL,172.52,sell,156.0,
11705336,ETH-14991321,1586217784671,3,172.4,ETH-PERPETUAL,172.52,sell,176.0,
11705337,ETH-14991322,1586217784980,0,172.45,ETH-PERPETUAL,172.5,buy,100.0,T
11705338,ETH-14991323,1586217784980,1,172.45,ETH-PERPETUAL,172.5,buy,176.0,T
11705339,ETH-14991324,1586217784980,0,172.5,ETH-PERPETUAL,172.5,buy,1048.0,T
11705340,ETH-14991325,1586217785786,1,172.5,ETH-PERPETUAL,172.5,buy,176.0,T
11705341,ETH-14991326,1586217785786,1,172.5,ETH-PERPETUAL,172.5,buy,9.0,T
11705342,ETH-14991327,1586217785786,1,172.5,ETH-PERPETUAL,172.5,buy,1.0,T
11705343,ETH-14991328,1586217785786,1,172.5,ETH-PERPETUAL,172.5,buy,972.0,T
11705344,ETH-14991329,1586217786592,1,172.5,ETH-PERPETUAL,172.5,buy,1013.0,T
11705345,ETH-14991330,1586217787397,0,172.55,ETH-PERPETUAL,172.5,buy,10.0,T
11705346,ETH-14991331,1586217787397,0,172.6,ETH-PERPETUAL,172.5,buy,1.0,T
11705347,ETH-14991332,1586217787397,1,172.6,ETH-PERPETUAL,172.5,buy,168.0,T
11705348,ETH-14991333,1586217787397,1,172.6,ETH-PERPETUAL,172.5,buy,168.0,T
11705349,ETH-14991334,1586217787397,1,172.6,ETH-PERPETUAL,172.5,buy,176.0,T
11705350,ETH-14991335,1586217787397,1,172.6,ETH-PERPETUAL,172.5,buy,477.0,T
11705351,ETH-14991336,1586217788202,2,172.5,ETH-PERPETUAL,172.49,buy,3.0,T
11705352,ETH-14991337,1586217788202,3,172.5,ETH-PERPETUAL,172.49,buy,997.0,T
11705353,ETH-14991338,1586217788550,3,172.5,ETH-PERPETUAL,172.49,buy,1.0,
11705354,ETH-14991339,1586217789006,3,172.5,ETH-PERPETUAL,172.49,buy,402.0,T
11705355,ETH-14991340,1586217789006,3,172.5,ETH-PERPETUAL,172.49,buy,598.0,T
11705356,ETH-14991341,1586217789812,0,172.55,ETH-PERPETUAL,172.53,buy,7.0,T
11705357,ETH-14991342,1586217789812,0,172.6,ETH-PERPETUAL,172.53,buy,993.0,T
11705358,ETH-14991343,1586217790617,1,172.6,ETH-PERPETUAL,172.53,buy,1000.0,T
11705359,ETH-14991344,1586217791422,2,172.55,ETH-PERPETUAL,172.53,buy,6.0,T
11705360,ETH-14991345,1586217791422,3,172.55,ETH-PERPETUAL,172.53,buy,994.0,T
11705361,ETH-14991346,1586217792226,3,172.55,ETH-PERPETUAL,172.53,buy,1000.0,T
11705362,ETH-14991347,1586217793031,3,172.55,ETH-PERPETUAL,172.54,buy,93.0,T
11705363,ETH-14991348,1586217793729,2,172.5,ETH-PERPETUAL,172.54,sell,1469.0,
11705364,ETH-14991349,1586217793735,3,172.5,ETH-PERPETUAL,172.54,sell,256.0,
11705365,ETH-14991350,1586217793891,2,172.45,ETH-PERPETUAL,172.53,sell,1725.0,
11705366,ETH-14991351,1586217793908,3,172.45,ETH-PERPETUAL,172.53,sell,1725.0,
11705367,ETH-14991352,1586217793917,3,172.45,ETH-PERPETUAL,172.53,sell,1725.0,
11705368,ETH-14991353,1586217793934,3,172.45,ETH-PERPETUAL,172.53,sell,1725.0,
11705369,ETH-14991354,1586217793971,3,172.45,ETH-PERPETUAL,172.53,sell,1725.0,
11705370,ETH-14991355,1586217793987,3,172.45,ETH-PERPETUAL,172.53,sell,1725.0,
11705371,ETH-14991356,1586217794001,3,172.45,ETH-PERPETUAL,172.53,sell,1725.0,
11705372,ETH-14991358,1586217794255,2,172.35,ETH-PERPETUAL,172.53,sell,5.0,
11705373,ETH-14991359,1586217794255,3,172.35,ETH-PERPETUAL,172.53,sell,800.0,
11705374,ETH-14991361,1586217794302,3,172.35,ETH-PERPETUAL,172.53,sell,5.0,
11705375,ETH-14991368,1586217794523,2,172.3,ETH-PERPETUAL,172.53,sell,189.0,
11705376,ETH-14991369,1586217794523,3,172.3,ETH-PERPETUAL,172.53,sell,198.0,
11705377,ETH-14991370,1586217794523,3,172.3,ETH-PERPETUAL,172.53,sell,4.0,
11705378,ETH-14991371,1586217794523,3,172.3,ETH-PERPETUAL,172.53,sell,209.0,
11705379,ETH-14991372,1586217794663,3,172.3,ETH-PERPETUAL,172.53,sell,1723.0,
11705380,ETH-14991373,1586217794755,2,172.25,ETH-PERPETUAL,172.53,sell,1.0,
11705381,ETH-14991374,1586217794755,3,172.25,ETH-PERPETUAL,172.53,sell,1.0,
11705382,ETH-14991375,1586217794755,3,172.25,ETH-PERPETUAL,172.53,sell,627.0,
11705383,ETH-14991376,1586217794887,0,172.3,ETH-PERPETUAL,172.45,sell,1723.0,
11705384,ETH-14991377,1586217795118,2,172.25,ETH-PERPETUAL,172.45,sell,1723.0,
11705385,ETH-14991378,1586217795122,3,172.25,ETH-PERPETUAL,172.45,sell,200.0,
11705386,ETH-14991379,1586217795757,2,172.2,ETH-PERPETUAL,172.45,sell,1722.0,
11705387,ETH-14991380,1586217797769,0,172.25,ETH-PERPETUAL,172.41,buy,1300.0,
11705388,ETH-14991381,1586217797769,1,172.25,ETH-PERPETUAL,172.41,buy,700.0,
11705389,ETH-14991382,1586217797939,1,172.25,ETH-PERPETUAL,172.39,buy,1.0,
11705390,ETH-14991383,1586217798822,0,172.3,ETH-PERPETUAL,172.39,buy,100.0,
11705391,ETH-14991384,1586217801604,0,172.35,ETH-PERPETUAL,172.41,sell,100.0,
11705392,ETH-14991385,1586217801604,1,172.35,ETH-PERPETUAL,172.41,sell,810.0,
11705393,ETH-14991386,1586217801604,1,172.35,ETH-PERPETUAL,172.41,sell,1090.0,
11705394,ETH-14991387,1586217804265,1,172.35,ETH-PERPETUAL,172.4,buy,142.0,
11705395,ETH-14991388,1586217804550,0,172.4,ETH-PERPETUAL,172.4,buy,1.0,
11705396,ETH-14991389,1586217807403,2,172.3,ETH-PERPETUAL,172.45,sell,142.0,
11705397,ETH-14991390,1586217807804,3,172.3,ETH-PERPETUAL,172.45,sell,1.0,
11705398,ETH-14991392,1586217811535,0,172.4,ETH-PERPETUAL,172.43,buy,1.0,
11705399,ETH-14991396,1586217812543,0,172.45,ETH-PERPETUAL,172.47,buy,1.0,
11705400,ETH-14991397,1586217813663,1,172.45,ETH-PERPETUAL,172.49,sell,200.0,
11705401,ETH-14991398,1586217818628,1,172.45,ETH-PERPETUAL,172.53,buy,10.0,
11705402,ETH-14991399,1586217818870,0,172.5,ETH-PERPETUAL,172.53,buy,1.0,
11705403,ETH-14991400,1586217818870,1,172.5,ETH-PERPETUAL,172.53,buy,2.0,
11705404,ETH-14991401,1586217818870,1,172.5,ETH-PERPETUAL,172.53,buy,1.0,
11705405,ETH-14991402,1586217818870,1,172.5,ETH-PERPETUAL,172.53,buy,123.0,
11705406,ETH-14991403,1586217818919,0,172.55,ETH-PERPETUAL,172.53,buy,100.0,
11705407,ETH-14991410,1586217819920,0,172.6,ETH-PERPETUAL,172.54,buy,1.0,
11705408,ETH-14991411,1586217827430,2,172.45,ETH-PERPETUAL,172.6,sell,5.0,
11705409,ETH-14991412,1586217827430,3,172.45,ETH-PERPETUAL,172.6,sell,1023.0,
11705410,ETH-14991413,1586217827432,3,172.45,ETH-PERPETUAL,172.6,sell,702.0,
11705411,ETH-14991414,1586217827443,3,172.45,ETH-PERPETUAL,172.6,sell,1724.0,
11705412,ETH-14991415,1586217828233,2,172.4,ETH-PERPETUAL,172.56,sell,646.0,
11705413,ETH-14991416,1586217829801,3,172.4,ETH-PERPETUAL,172.51,buy,100.0,
11705414,ETH-14991417,1586217829801,3,172.4,ETH-PERPETUAL,172.51,buy,105.0,
11705415,ETH-14991418,1586217830808,0,172.6,ETH-PERPETUAL,172.53,buy,6.0,
11705416,ETH-14991419,1586217830808,1,172.6,ETH-PERPETUAL,172.53,buy,5.0,
11705417,ETH-14991424,1586217836629,0,172.7,ETH-PERPETUAL,172.63,buy,1.0,
11705418,ETH-14991425,1586217836629,1,172.7,ETH-PERPETUAL,172.63,buy,13.0,
11705419,ETH-14991426,1586217836629,1,172.7,ETH-PERPETUAL,172.63,buy,1.0,
11705420,ETH-14991427,1586217838118,0,172.75,ETH-PERPETUAL,172.69,buy,1.0,
11705421,ETH-14991428,1586217838876,0,172.8,ETH-PERPETUAL,172.69,buy,1.0,
11705422,ETH-14991429,1586217838876,1,172.8,ETH-PERPETUAL,172.69,buy,1.0,
11705423,ETH-14991431,1586217840487,1,172.8,ETH-PERPETUAL,172.75,sell,864.0,
11705424,ETH-14991433,1586217844554,0,172.85,ETH-PERPETUAL,172.76,buy,75.0,
11705425,ETH-14991434,1586217845513,2,172.8,ETH-PERPETUAL,172.77,sell,100.0,
11705426,ETH-14991435,1586217846094,3,172.8,ETH-PERPETUAL,172.77,buy,814.0,
11705427,ETH-14991437,1586217846853,0,172.85,ETH-PERPETUAL,172.78,buy,1.0,
11705428,ETH-14991438,1586217846853,1,172.85,ETH-PERPETUAL,172.78,buy,3.0,
11705429,ETH-14991439,1586217846853,1,172.85,ETH-PERPETUAL,172.78,buy,10.0,
11705430,ETH-14991440,1586217846853,1,172.85,ETH-PERPETUAL,172.78,buy,3.0,
11705431,ETH-14991443,1586217847098,0,172.9,ETH-PERPETUAL,172.78,buy,767.0,
11705432,ETH-14991445,1586217848120,1,172.9,ETH-PERPETUAL,172.82,buy,20.0,
11705433,ETH-14991446,1586217848132,1,172.9,ETH-PERPETUAL,172.82,buy,983.0,
11705434,ETH-14991447,1586217848132,1,172.9,ETH-PERPETUAL,172.82,buy,1.0,
11705435,ETH-14991448,1586217848132,1,172.9,ETH-PERPETUAL,172.82,buy,1.0,
11705436,ETH-14991449,1586217848132,1,172.9,ETH-PERPETUAL,172.82,buy,1.0,
11705437,ETH-14991450,1586217848132,1,172.9,ETH-PERPETUAL,172.82,buy,1.0,
11705438,ETH-14991451,1586217848132,1,172.9,ETH-PERPETUAL,172.82,buy,16.0,
11705439,ETH-14991455,1586217848238,1,172.9,ETH-PERPETUAL,172.82,sell,5.0,
11705440,ETH-14991456,1586217848238,1,172.9,ETH-PERPETUAL,172.82,sell,1500.0,
11705441,ETH-14991457,1586217848238,1,172.9,ETH-PERPETUAL,172.82,sell,747.0,
11705442,ETH-14991458,1586217848714,1,172.9,ETH-PERPETUAL,172.82,sell,1995.0,
11705443,ETH-14991459,1586217849008,1,172.9,ETH-PERPETUAL,172.82,sell,258.0,
11705444,ETH-14991460,1586217849008,1,172.9,ETH-PERPETUAL,172.82,sell,5.0,
11705445,ETH-14991461,1586217849008,1,172.9,ETH-PERPETUAL,172.82,sell,1.0,
11705446,ETH-14991462,1586217849008,1,172.9,ETH-PERPETUAL,172.82,sell,1218.0,
11705447,ETH-14991463,1586217852793,1,172.9,ETH-PERPETUAL,172.86,buy,14.0,
11705448,ETH-14991464,1586217852793,1,172.9,ETH-PERPETUAL,172.86,buy,4.0,
11705449,ETH-14991465,1586217852793,0,172.95,ETH-PERPETUAL,172.86,buy,1.0,
11705450,ETH-14991466,1586217852793,1,172.95,ETH-PERPETUAL,172.86,buy,1.0,
11705451,ETH-14991467,1586217852793,1,172.95,ETH-PERPETUAL,172.86,buy,10.0,
11705452,ETH-14991468,1586217852793,1,172.95,ETH-PERPETUAL,172.86,buy,470.0,
11705453,ETH-14991469,1586217853183,1,172.95,ETH-PERPETUAL,172.86,buy,2354.0,
11705454,ETH-14991470,1586217853183,1,172.95,ETH-PERPETUAL,172.86,buy,3761.0,
11705455,ETH-14991471,1586217853183,1,172.95,ETH-PERPETUAL,172.86,buy,250.0,
11705456,ETH-14991472,1586217853183,0,173.0,ETH-PERPETUAL,172.86,buy,10.0,
11705457,ETH-14991473,1586217853183,1,173.0,ETH-PERPETUAL,172.86,buy,100.0,
11705458,ETH-14991474,1586217853183,1,173.0,ETH-PERPETUAL,172.86,buy,10.0,
11705459,ETH-14991475,1586217853183,1,173.0,ETH-PERPETUAL,172.86,buy,10.0,
11705460,ETH-14991476,1586217853183,1,173.0,ETH-PERPETUAL,172.86,buy,10.0,
11705461,ETH-14991477,1586217853183,1,173.0,ETH-PERPETUAL,172.86,buy,1000.0,
11705462,ETH-14991478,1586217853183,1,173.0,ETH-PERPETUAL,172.86,buy,2495.0,
11705463,ETH-14991479,1586217853188,1,173.0,ETH-PERPETUAL,172.86,buy,1505.0,
11705464,ETH-14991480,1586217853188,1,173.0,ETH-PERPETUAL,172.86,buy,95.0,
11705465,ETH-14991481,1586217853326,2,172.95,ETH-PERPETUAL,172.88,sell,1730.0,
11705466,ETH-14991482,1586217858308,2,172.9,ETH-PERPETUAL,172.9,buy,3.0,
11705467,ETH-14991483,1586217858308,3,172.9,ETH-PERPETUAL,172.9,buy,14.0,
11705468,ETH-14991484,1586217858308,3,172.9,ETH-PERPETUAL,172.9,buy,100.0,
11705469,ETH-14991485,1586217858835,0,172.95,ETH-PERPETUAL,172.9,buy,14.0,
11705470,ETH-14991486,1586217858835,1,172.95,ETH-PERPETUAL,172.9,buy,50.0,
11705471,ETH-14991487,1586217858846,1,172.95,ETH-PERPETUAL,172.9,buy,682.0,
11705472,ETH-14991488,1586217858861,1,172.95,ETH-PERPETUAL,172.9,buy,651.0,
11705473,ETH-14991493,1586217859761,0,173.05,ETH-PERPETUAL,172.94,buy,1.0,
11705474,ETH-14991494,1586217860332,0,173.1,ETH-PERPETUAL,172.97,buy,1.0,
11705475,ETH-14991495,1586217860332,0,173.15,ETH-PERPETUAL,172.97,buy,1.0,
11705476,ETH-14991496,1586217860332,1,173.15,ETH-PERPETUAL,172.97,buy,1998.0,
11705477,ETH-14991497,1586217861052,2,173.1,ETH-PERPETUAL,172.97,sell,5.0,
11705478,ETH-14991498,1586217861052,3,173.1,ETH-PERPETUAL,172.97,sell,100.0,
11705479,ETH-14991499,1586217861052,2,173.05,ETH-PERPETUAL,172.97,sell,1122.0,
11705480,ETH-14991500,1586217861066,0,173.1,ETH-PERPETUAL,172.97,buy,100.0,
11705481,ETH-14991501,1586217861864,1,173.1,ETH-PERPETUAL,173.0,sell,1731.0,
11705482,ETH-14991503,1586217863933,1,173.1,ETH-PERPETUAL,173.01,sell,5.0,
11705483,ETH-14991504,1586217863933,1,173.1,ETH-PERPETUAL,173.01,sell,264.0,
11705484,ETH-14991505,1586217864496,2,173.05,ETH-PERPETUAL,173.01,sell,1514.0,
11705485,ETH-14991506,1586217864500,3,173.05,ETH-PERPETUAL,173.01,sell,216.0,
11705486,ETH-14991507,1586217864511,3,173.05,ETH-PERPETUAL,173.01,sell,1730.0,
11705487,ETH-14991508,1586217864518,3,173.05,ETH-PERPETUAL,173.01,sell,1730.0,
11705488,ETH-14991509,1586217864524,3,173.05,ETH-PERPETUAL,173.01,sell,1730.0,
11705489,ETH-14991510,1586217867596,3,173.05,ETH-PERPETUAL,173.04,buy,22.0,
11705490,ETH-14991511,1586217867596,3,173.05,ETH-PERPETUAL,173.04,buy,100.0,
11705491,ETH-14991515,1586217871118,0,173.15,ETH-PERPETUAL,173.06,buy,4.0,
11705492,ETH-14991516,1586217871118,1,173.15,ETH-PERPETUAL,173.06,buy,24.0,
11705493,ETH-14991517,1586217872921,0,173.2,ETH-PERPETUAL,173.12,buy,1.0,
11705494,ETH-14991518,1586217872921,1,173.2,ETH-PERPETUAL,173.12,buy,4.0,
11705495,ETH-14991519,1586217873270,1,173.2,ETH-PERPETUAL,173.12,buy,2596.0,
11705496,ETH-14991520,1586217873270,1,173.2,ETH-PERPETUAL,173.12,buy,10.0,
11705497,ETH-14991521,1586217873270,1,173.2,ETH-PERPETUAL,173.12,buy,24.0,
11705498,ETH-14991524,1586217873692,0,173.25,ETH-PERPETUAL,173.15,buy,1.0,
11705499,ETH-14991525,1586217873692,1,173.25,ETH-PERPETUAL,173.15,buy,1.0,
11705500,ETH-14991526,1586217873692,1,173.25,ETH-PERPETUAL,173.15,buy,1.0,
11705501,ETH-14991527,1586217873692,1,173.25,ETH-PERPETUAL,173.15,buy,1.0,
11705502,ETH-14991528,1586217873692,1,173.25,ETH-PERPETUAL,173.15,buy,1092.0,
11705503,ETH-14991529,1586217873692,1,173.25,ETH-PERPETUAL,173.15,buy,876.0,
11705504,ETH-14991540,1586217874671,0,173.3,ETH-PERPETUAL,173.17,buy,1.0,
11705505,ETH-14991543,1586217874847,1,173.3,ETH-PERPETUAL,173.17,sell,2.0,
11705506,ETH-14991544,1586217876711,0,173.35,ETH-PERPETUAL,173.2,buy,1000.0,
11705507,ETH-14991545,1586217876711,1,173.35,ETH-PERPETUAL,173.2,buy,2.0,
11705508,ETH-14991546,1586217876711,1,173.35,ETH-PERPETUAL,173.2,buy,269.0,
11705509,ETH-14991548,1586217878829,2,173.3,ETH-PERPETUAL,173.22,buy,9.0,
11705510,ETH-14991549,1586217879003,0,173.35,ETH-PERPETUAL,173.22,buy,5.0,
11705511,ETH-14991550,1586217879034,1,173.35,ETH-PERPETUAL,173.22,buy,1.0,
11705512,ETH-14991551,1586217879034,1,173.35,ETH-PERPETUAL,173.22,buy,27.0,
11705513,ETH-14991552,1586217879034,1,173.35,ETH-PERPETUAL,173.22,buy,660.0,
11705514,ETH-14991553,1586217879073,0,173.4,ETH-PERPETUAL,173.22,buy,1.0,
11705515,ETH-14991554,1586217879073,1,173.4,ETH-PERPETUAL,173.22,buy,1216.0,
11705516,ETH-14991555,1586217879075,1,173.4,ETH-PERPETUAL,173.22,buy,6067.0,
11705517,ETH-14991556,1586217879075,1,173.4,ETH-PERPETUAL,173.22,buy,1.0,
11705518,ETH-14991557,1586217879075,1,173.4,ETH-PERPETUAL,173.22,buy,800.0,
11705519,ETH-14991560,1586217879216,0,173.45,ETH-PERPETUAL,173.22,buy,770.0,
11705520,ETH-14991561,1586217879216,1,173.45,ETH-PERPETUAL,173.22,buy,238.0,
11705521,ETH-14991562,1586217879216,1,173.45,ETH-PERPETUAL,173.22,buy,3112.0,
11705522,ETH-14991563,1586217879216,1,173.45,ETH-PERPETUAL,173.22,buy,5212.0,
11705523,ETH-14991566,1586217879264,1,173.45,ETH-PERPETUAL,173.22,buy,4700.0,
11705524,ETH-14991567,1586217879265,1,173.45,ETH-PERPETUAL,173.22,buy,6900.0,
11705525,ETH-14991568,1586217879267,1,173.45,ETH-PERPETUAL,173.22,buy,16700.0,
11705526,ETH-14991569,1586217879268,1,173.45,ETH-PERPETUAL,173.22,buy,2200.0,
11705527,ETH-14991570,1586217879280,1,173.45,ETH-PERPETUAL,173.22,buy,2810.0,
11705528,ETH-14991571,1586217879280,1,173.45,ETH-PERPETUAL,173.22,buy,820.0,
11705529,ETH-14991572,1586217879280,1,173.45,ETH-PERPETUAL,173.22,buy,800.0,
11705530,ETH-14991573,1586217879324,1,173.45,ETH-PERPETUAL,173.22,buy,800.0,
11705531,ETH-14991574,1586217879432,1,173.45,ETH-PERPETUAL,173.29,sell,2067.0,
11705532,ETH-14991579,1586217879837,0,173.5,ETH-PERPETUAL,173.29,buy,1.0,
11705533,ETH-14991580,1586217879837,1,173.5,ETH-PERPETUAL,173.29,buy,800.0,
11705534,ETH-14991586,1586217879984,0,173.55,ETH-PERPETUAL,173.29,buy,1.0,
11705535,ETH-14991587,1586217879984,1,173.55,ETH-PERPETUAL,173.29,buy,1.0,
11705536,ETH-14991588,1586217879984,1,173.55,ETH-PERPETUAL,173.29,buy,2500.0,
11705537,ETH-14991589,1586217879984,1,173.55,ETH-PERPETUAL,173.29,buy,108.0,
11705538,ETH-14991590,1586217879984,1,173.55,ETH-PERPETUAL,173.29,buy,800.0,
11705539,ETH-14991591,1586217879984,1,173.55,ETH-PERPETUAL,173.29,buy,3098.0,
11705540,ETH-14991592,1586217880107,1,173.55,ETH-PERPETUAL,173.29,sell,1735.0,
11705541,ETH-14991593,1586217880107,2,173.5,ETH-PERPETUAL,173.29,sell,100.0,
11705542,ETH-14991594,1586217880107,2,173.45,ETH-PERPETUAL,173.29,sell,5.0,
11705543,ETH-14991595,1586217880107,2,173.4,ETH-PERPETUAL,173.29,sell,113.0,
11705544,ETH-14991599,1586217880181,0,173.5,ETH-PERPETUAL,173.29,buy,5.0,
11705545,ETH-14991601,1586217880727,2,173.45,ETH-PERPETUAL,173.34,sell,800.0,
11705546,ETH-14991602,1586217880727,2,173.4,ETH-PERPETUAL,173.34,sell,467.0,
11705547,ETH-14991603,1586217880800,0,173.5,ETH-PERPETUAL,173.34,buy,492.0,
11705548,ETH-14991604,1586217880800,1,173.5,ETH-PERPETUAL,173.34,buy,4508.0,
11705549,ETH-14991605,1586217881255,2,173.45,ETH-PERPETUAL,173.34,buy,35.0,
11705550,ETH-14991606,1586217882399,2,173.35,ETH-PERPETUAL,173.33,sell,7.0,
11705551,ETH-14991607,1586217882835,2,173.3,ETH-PERPETUAL,173.32,sell,1.0,
11705552,ETH-14991608,1586217882950,3,173.3,ETH-PERPETUAL,173.32,sell,1.0,
11705553,ETH-14991609,1586217883206,2,173.25,ETH-PERPETUAL,173.32,sell,115.0,
11705554,ETH-14991610,1586217883206,3,173.25,ETH-PERPETUAL,173.32,sell,1732.0,
11705555,ETH-14991611,1586217883206,3,173.25,ETH-PERPETUAL,173.32,sell,5.0,
11705556,ETH-14991612,1586217883206,3,173.25,ETH-PERPETUAL,173.32,sell,137.0,
11705557,ETH-14991613,1586217883209,3,173.25,ETH-PERPETUAL,173.32,sell,663.0,
11705558,ETH-14991616,1586217883269,2,173.2,ETH-PERPETUAL,173.32,sell,153.0,
11705559,ETH-14991622,1586217883288,0,173.25,ETH-PERPETUAL,173.32,sell,115.0,
11705560,ETH-14991623,1586217883399,2,173.2,ETH-PERPETUAL,173.32,sell,1993.0,
11705561,ETH-14991624,1586217883989,0,173.25,ETH-PERPETUAL,173.27,buy,100.0,
11705562,ETH-14991625,1586217884297,0,173.3,ETH-PERPETUAL,173.27,buy,800.0,
11705563,ETH-14991626,1586217884885,2,173.25,ETH-PERPETUAL,173.26,sell,1.0,
11705564,ETH-14991627,1586217886307,0,173.3,ETH-PERPETUAL,173.27,sell,1151.0,
11705565,ETH-14991628,1586217886346,1,173.3,ETH-PERPETUAL,173.27,sell,1093.0,
11705566,ETH-14991629,1586217886387,1,173.3,ETH-PERPETUAL,173.27,sell,2085.0,
11705567,ETH-14991630,1586217886530,2,173.25,ETH-PERPETUAL,173.28,sell,1732.0,
11705568,ETH-14991631,1586217887106,3,173.25,ETH-PERPETUAL,173.28,sell,1.0,
11705569,ETH-14991632,1586217888964,2,173.2,ETH-PERPETUAL,173.25,sell,1176.0,
11705570,ETH-14991633,1586217888973,3,173.2,ETH-PERPETUAL,173.25,sell,78.0,
11705571,ETH-14991634,1586217889216,2,173.15,ETH-PERPETUAL,173.25,sell,1.0,
11705572,ETH-14991635,1586217889216,3,173.15,ETH-PERPETUAL,173.25,sell,5.0,
11705573,ETH-14991636,1586217889216,3,173.15,ETH-PERPETUAL,173.25,sell,475.0,
11705574,ETH-14991637,1586217889528,2,173.0,ETH-PERPETUAL,173.22,sell,1.0,
11705575,ETH-14991638,1586217889632,0,173.1,ETH-PERPETUAL,173.22,sell,1137.0,
11705576,ETH-14991639,1586217891742,2,173.0,ETH-PERPETUAL,173.17,sell,1.0,
11705577,ETH-14991640,1586217892886,0,173.1,ETH-PERPETUAL,173.15,buy,4.0,
11705578,ETH-14991641,1586217893165,1,173.1,ETH-PERPETUAL,173.15,buy,3.0,
11705579,ETH-14991642,1586217894407,1,173.1,ETH-PERPETUAL,173.15,sell,1.0,
11705580,ETH-14991643,1586217895729,0,173.15,ETH-PERPETUAL,173.16,buy,3.0,
11705581,ETH-14991644,1586217895729,1,173.15,ETH-PERPETUAL,173.16,buy,1.0,
11705582,ETH-14991645,1586217898948,1,173.15,ETH-PERPETUAL,173.19,sell,1.0,
11705583,ETH-14991646,1586217903372,0,173.2,ETH-PERPETUAL,173.21,sell,667.0,
11705584,ETH-14991647,1586217903412,1,173.2,ETH-PERPETUAL,173.21,sell,46.0,
11705585,ETH-14991648,1586217908081,2,173.1,ETH-PERPETUAL,173.17,sell,250.0,
11705586,ETH-14991649,1586217908081,3,173.1,ETH-PERPETUAL,173.17,sell,20.0,
11705587,ETH-14991650,1586217908081,3,173.1,ETH-PERPETUAL,173.17,sell,50.0,
11705588,ETH-14991651,1586217908081,3,173.1,ETH-PERPETUAL,173.17,sell,704.0,
11705589,ETH-14991652,1586217910193,0,173.15,ETH-PERPETUAL,173.15,buy,1.0,
11705590,ETH-14991653,1586217911237,2,173.05,ETH-PERPETUAL,173.17,sell,300.0,
11705591,ETH-14991654,1586217913232,0,173.1,ETH-PERPETUAL,173.17,sell,1731.0,
11705592,ETH-14991655,1586217913232,1,173.1,ETH-PERPETUAL,173.17,sell,99.0,
11705593,ETH-14991656,1586217913248,1,173.1,ETH-PERPETUAL,173.17,sell,1731.0,
11705594,ETH-14991657,1586217913369,2,173.05,ETH-PERPETUAL,173.17,sell,840.0,
11705595,ETH-14991658,1586217913644,2,173.0,ETH-PERPETUAL,173.13,sell,1.0,
11705596,ETH-14991659,1586217913644,3,173.0,ETH-PERPETUAL,173.13,sell,1.0,
11705597,ETH-14991660,1586217913644,3,173.0,ETH-PERPETUAL,173.13,sell,678.0,
11705598,ETH-14991661,1586217913738,2,172.95,ETH-PERPETUAL,173.13,sell,2485.0,
11705599,ETH-14991662,1586217913738,3,172.95,ETH-PERPETUAL,173.13,sell,2485.0,
11705600,ETH-14991663,1586217913738,3,172.95,ETH-PERPETUAL,173.13,sell,30.0,
11705601,ETH-14991664,1586217914152,2,172.85,ETH-PERPETUAL,173.13,sell,1.0,
11705602,ETH-14991665,1586217914152,3,172.85,ETH-PERPETUAL,173.13,sell,172.0,
11705603,ETH-14991666,1586217914152,3,172.85,ETH-PERPETUAL,173.13,sell,800.0,
11705604,ETH-14991667,1586217914152,3,172.85,ETH-PERPETUAL,173.13,sell,105.0,
11705605,ETH-14991668,1586217914157,3,172.85,ETH-PERPETUAL,173.13,sell,1931.0,
11705606,ETH-14991669,1586217916660,0,172.9,ETH-PERPETUAL,173.02,sell,4.0,
11705607,ETH-14991670,1586217918726,2,172.7,ETH-PERPETUAL,172.93,sell,1.0,
11705608,ETH-14991671,1586217918726,2,172.65,ETH-PERPETUAL,172.93,sell,175.0,
11705609,ETH-14991672,1586217919129,0,172.7,ETH-PERPETUAL,172.93,sell,498.0,
11705610,ETH-14991673,1586217919595,0,172.85,ETH-PERPETUAL,172.93,buy,498.0,
11705611,ETH-14991674,1586217919948,2,172.75,ETH-PERPETUAL,172.92,sell,1350.0,
11705612,ETH-14991675,1586217920153,3,172.75,ETH-PERPETUAL,172.92,sell,9.0,
11705613,ETH-14991676,1586217920153,2,172.7,ETH-PERPETUAL,172.92,sell,1991.0,
11705614,ETH-14991677,1586217922606,3,172.7,ETH-PERPETUAL,172.91,sell,29.0,
11705615,ETH-14991678,1586217924221,3,172.7,ETH-PERPETUAL,172.87,sell,980.0,
11705616,ETH-14991679,1586217924221,3,172.7,ETH-PERPETUAL,172.87,sell,2.0,
11705617,ETH-14991680,1586217924221,3,172.7,ETH-PERPETUAL,172.87,sell,10.0,
11705618,ETH-14991681,1586217924221,2,172.65,ETH-PERPETUAL,172.87,sell,258.0,
11705619,ETH-14991682,1586217924232,3,172.65,ETH-PERPETUAL,172.87,sell,722.0,
11705620,ETH-14991683,1586217924232,3,172.65,ETH-PERPETUAL,172.87,sell,628.0,
11705621,ETH-14991684,1586217924412,3,172.65,ETH-PERPETUAL,172.87,sell,4.0,
11705622,ETH-14991685,1586217925972,3,172.65,ETH-PERPETUAL,172.85,sell,1094.0,
11705623,ETH-14991686,1586217925972,3,172.65,ETH-PERPETUAL,172.85,sell,1.0,
11705624,ETH-14991687,1586217925972,3,172.65,ETH-PERPETUAL,172.85,sell,11.0,
11705625,ETH-14991688,1586217925972,2,172.6,ETH-PERPETUAL,172.85,sell,244.0,
11705626,ETH-14991689,1586217925980,0,172.65,ETH-PERPETUAL,172.85,sell,1.0,
11705627,ETH-14991690,1586217925984,1,172.65,ETH-PERPETUAL,172.85,sell,5.0,
11705628,ETH-14991692,1586217926874,1,172.65,ETH-PERPETUAL,172.84,sell,1720.0,
11705629,ETH-14991693,1586217926874,2,172.6,ETH-PERPETUAL,172.84,sell,736.0,
11705630,ETH-14991694,1586217926874,3,172.6,ETH-PERPETUAL,172.84,sell,752.0,
11705631,ETH-14991695,1586217926874,2,172.55,ETH-PERPETUAL,172.84,sell,1.0,
11705632,ETH-14991696,1586217926874,3,172.55,ETH-PERPETUAL,172.84,sell,960.0,
11705633,ETH-14991697,1586217926897,0,172.65,ETH-PERPETUAL,172.84,sell,1350.0,
11705634,ETH-14991698,1586217927851,2,172.6,ETH-PERPETUAL,172.81,sell,3.0,
11705635,ETH-14991699,1586217927851,3,172.6,ETH-PERPETUAL,172.81,sell,32.0,
11705636,ETH-14991700,1586217928403,0,172.65,ETH-PERPETUAL,172.81,sell,11.0,
11705637,ETH-14991701,1586217928403,1,172.65,ETH-PERPETUAL,172.81,sell,1.0,
11705638,ETH-14991702,1586217928837,1,172.65,ETH-PERPETUAL,172.81,sell,556.0,
11705639,ETH-14991703,1586217931800,0,172.7,ETH-PERPETUAL,172.8,sell,7.0,
11705640,ETH-14991704,1586217932320,2,172.65,ETH-PERPETUAL,172.8,sell,700.0,
11705641,ETH-14991705,1586217932320,3,172.65,ETH-PERPETUAL,172.8,sell,2000.0,
11705642,ETH-14991706,1586217932320,3,172.65,ETH-PERPETUAL,172.8,sell,2000.0,
11705643,ETH-14991707,1586217932320,3,172.65,ETH-PERPETUAL,172.8,sell,2000.0,
11705644,ETH-14991708,1586217932320,3,172.65,ETH-PERPETUAL,172.8,sell,2.0,
11705645,ETH-14991710,1586217932579,2,172.55,ETH-PERPETUAL,172.8,sell,132.0,
11705646,ETH-14991718,1586217933200,2,172.5,ETH-PERPETUAL,172.76,sell,686.0,
11705647,ETH-14991719,1586217938017,0,172.7,ETH-PERPETUAL,172.75,buy,155.0,
11705648,ETH-14991720,1586217938207,0,172.75,ETH-PERPETUAL,172.75,buy,500.0,
11705649,ETH-14991721,1586217938209,1,172.75,ETH-PERPETUAL,172.75,buy,863.0,
11705650,ETH-14991722,1586217938210,1,172.75,ETH-PERPETUAL,172.75,buy,100.0,
11705651,ETH-14991723,1586217938212,1,172.75,ETH-PERPETUAL,172.75,buy,537.0,
11705652,ETH-14991724,1586217938567,0,172.8,ETH-PERPETUAL,172.75,buy,1.0,
11705653,ETH-14991725,1586217938567,1,172.8,ETH-PERPETUAL,172.75,buy,2000.0,
11705654,ETH-14991726,1586217938737,0,172.85,ETH-PERPETUAL,172.75,buy,2000.0,
11705655,ETH-14991729,1586217939244,0,172.9,ETH-PERPETUAL,172.81,buy,1.0,
11705656,ETH-14991730,1586217939244,1,172.9,ETH-PERPETUAL,172.81,buy,132.0,
11705657,ETH-14991735,1586217940852,0,172.95,ETH-PERPETUAL,172.94,sell,1.0,
11705658,ETH-14991736,1586217944568,2,172.7,ETH-PERPETUAL,172.9,sell,1.0,
11705659,ETH-14991737,1586217944568,3,172.7,ETH-PERPETUAL,172.9,sell,9.0,
11705660,ETH-14991738,1586217948067,0,172.9,ETH-PERPETUAL,172.87,buy,100.0,
11705661,ETH-14991739,1586217948067,1,172.9,ETH-PERPETUAL,172.87,buy,150.0,
11705662,ETH-14991740,1586217948814,2,172.85,ETH-PERPETUAL,172.87,buy,3.0,
11705663,ETH-14991741,1586217959729,0,172.95,ETH-PERPETUAL,172.99,buy,13.0,
11705664,ETH-14991742,1586217959729,1,172.95,ETH-PERPETUAL,172.99,buy,1.0,
11705665,ETH-14991744,1586217960274,0,173.0,ETH-PERPETUAL,173.02,buy,1.0,
11705666,ETH-14991745,1586217963002,0,173.05,ETH-PERPETUAL,173.06,sell,10.0,
11705667,ETH-14991747,1586217971058,2,172.9,ETH-PERPETUAL,173.01,sell,3.0,
11705668,ETH-14991748,1586217971058,3,172.9,ETH-PERPETUAL,173.01,sell,20.0,
11705669,ETH-14991749,1586217971058,3,172.9,ETH-PERPETUAL,173.01,sell,774.0,
11705670,ETH-14991750,1586217971159,2,172.85,ETH-PERPETUAL,173.01,sell,161.0,
11705671,ETH-14991751,1586217971553,3,172.85,ETH-PERPETUAL,173.01,sell,674.0,
11705672,ETH-14991752,1586217974318,3,172.85,ETH-PERPETUAL,172.96,buy,1.0,
11705673,ETH-14991756,1586217982024,0,173.0,ETH-PERPETUAL,172.98,buy,1.0,
11705674,ETH-14991757,1586217982024,1,173.0,ETH-PERPETUAL,172.98,buy,13.0,
11705675,ETH-14991758,1586217984376,0,173.05,ETH-PERPETUAL,173.02,buy,80.0,
11705676,ETH-14991759,1586217987530,0,173.1,ETH-PERPETUAL,173.03,buy,1.0,
11705677,ETH-14991760,1586217987530,1,173.1,ETH-PERPETUAL,173.03,buy,4.0,
11705678,ETH-14991761,1586217987530,1,173.1,ETH-PERPETUAL,173.03,buy,250.0,
11705679,ETH-14991762,1586217987530,1,173.1,ETH-PERPETUAL,173.03,buy,134.0,
11705680,ETH-14991763,1586217987530,1,173.1,ETH-PERPETUAL,173.03,buy,134.0,
11705681,ETH-14991764,1586217987530,1,173.1,ETH-PERPETUAL,173.03,buy,1477.0,
11705682,ETH-14991765,1586217990415,2,173.0,ETH-PERPETUAL,173.01,sell,126.0,
11705683,ETH-14991766,1586217990790,3,173.0,ETH-PERPETUAL,173.01,buy,1.0,
11705684,ETH-14991767,1586217990790,0,173.05,ETH-PERPETUAL,173.01,buy,1999.0,
11705685,ETH-14991768,1586217992109,2,172.95,ETH-PERPETUAL,173.01,sell,667.0,
11705686,ETH-14991769,1586218001922,2,172.8,ETH-PERPETUAL,172.93,sell,1.0,
11705687,ETH-14991771,1586218005738,2,172.75,ETH-PERPETUAL,172.88,sell,2.0,
11705688,ETH-14991772,1586218005738,3,172.75,ETH-PERPETUAL,172.88,sell,1.0,
11705689,ETH-14991773,1586218006929,2,172.7,ETH-PERPETUAL,172.87,sell,538.0,
11705690,ETH-14991774,1586218007735,3,172.7,ETH-PERPETUAL,172.83,sell,7.0,
11705691,ETH-14991775,1586218007855,2,172.65,ETH-PERPETUAL,172.83,sell,720.0,
11705692,ETH-14991776,1586218007934,0,172.7,ETH-PERPETUAL,172.83,sell,801.0,
11705693,ETH-14991777,1586218008207,1,172.7,ETH-PERPETUAL,172.83,sell,2.0,
11705694,ETH-14991778,1586218008313,2,172.55,ETH-PERPETUAL,172.8,sell,21.0,
11705695,ETH-14991780,1586218011959,0,172.6,ETH-PERPETUAL,172.72,sell,15.0,
11705696,ETH-14991781,1586218011959,1,172.6,ETH-PERPETUAL,172.72,sell,2.0,
11705697,ETH-14991782,1586218013414,2,172.55,ETH-PERPETUAL,172.67,sell,3.0,
11705698,ETH-14991784,1586218018786,3,172.55,ETH-PERPETUAL,172.6,sell,4.0,
11705699,ETH-14991785,1586218020928,0,172.65,ETH-PERPETUAL,172.6,buy,1.0,
11705700,ETH-14991786,1586218021969,0,172.75,ETH-PERPETUAL,172.65,buy,100.0,
11705701,ETH-14991787,1586218021977,1,172.75,ETH-PERPETUAL,172.65,buy,72.0,
11705702,ETH-14991788,1586218021977,1,172.75,ETH-PERPETUAL,172.65,buy,1.0,
11705703,ETH-14991793,1586218022364,0,172.85,ETH-PERPETUAL,172.65,buy,172.0,
11705704,ETH-14991794,1586218022364,1,172.85,ETH-PERPETUAL,172.65,buy,1.0,
11705705,ETH-14991799,1586218023138,0,172.9,ETH-PERPETUAL,172.69,buy,3.0,
11705706,ETH-14991802,1586218023317,0,172.95,ETH-PERPETUAL,172.69,buy,1.0,
11705707,ETH-14991803,1586218027850,0,173.0,ETH-PERPETUAL,172.93,sell,90.0,
11705708,ETH-14991804,1586218029348,2,172.95,ETH-PERPETUAL,172.93,sell,599.0,
11705709,ETH-14991805,1586218032596,2,172.85,ETH-PERPETUAL,172.93,buy,100.0,
11705710,ETH-14991806,1586218032814,0,172.9,ETH-PERPETUAL,172.93,buy,1.0,
11705711,ETH-14991807,1586218035850,0,172.95,ETH-PERPETUAL,172.92,sell,100.0,
11705712,ETH-14991808,1586218036139,2,172.9,ETH-PERPETUAL,172.92,sell,592.0,
11705713,ETH-14991809,1586218039063,2,172.85,ETH-PERPETUAL,172.93,sell,132.0,
11705714,ETH-14991810,1586218040932,3,172.85,ETH-PERPETUAL,172.9,buy,1.0,
11705715,ETH-14991812,1586218047479,3,172.85,ETH-PERPETUAL,172.88,buy,100.0,
11705716,ETH-14991813,1586218047769,0,172.9,ETH-PERPETUAL,172.88,buy,127.0,
11705717,ETH-14991814,1586218047769,1,172.9,ETH-PERPETUAL,172.88,buy,131.0,
11705718,ETH-14991815,1586218048140,0,172.95,ETH-PERPETUAL,172.88,buy,1.0,
11705719,ETH-14991816,1586218048140,1,172.95,ETH-PERPETUAL,172.88,buy,1.0,
11705720,ETH-14991817,1586218049681,1,172.95,ETH-PERPETUAL,172.94,buy,1.0,
11705721,ETH-14991818,1586218052292,1,172.95,ETH-PERPETUAL,172.97,buy,1.0,
11705722,ETH-14991819,1586218052608,0,173.0,ETH-PERPETUAL,172.98,buy,2.0,
11705723,ETH-14991820,1586218052775,0,173.05,ETH-PERPETUAL,172.98,buy,1.0,
11705724,ETH-14991821,1586218053022,0,173.1,ETH-PERPETUAL,172.98,buy,2000.0,
11705725,ETH-14991823,1586218053855,0,173.15,ETH-PERPETUAL,173.09,buy,1.0,
11705726,ETH-14991824,1586218053855,1,173.15,ETH-PERPETUAL,173.09,buy,6199.0,
11705727,ETH-14991825,1586218053857,1,173.15,ETH-PERPETUAL,173.09,buy,5700.0,
11705728,ETH-14991826,1586218053861,1,173.15,ETH-PERPETUAL,173.09,buy,3497.0,
11705729,ETH-14991827,1586218054623,0,173.25,ETH-PERPETUAL,173.12,buy,1.0,
11705730,ETH-14991828,1586218054623,1,173.25,ETH-PERPETUAL,173.12,buy,250.0,
11705731,ETH-14991829,1586218055027,1,173.25,ETH-PERPETUAL,173.12,buy,16.0,
11705732,ETH-14991830,1586218055027,1,173.25,ETH-PERPETUAL,173.12,buy,122.0,
11705733,ETH-14991831,1586218056709,2,173.2,ETH-PERPETUAL,173.13,buy,2.0,
11705734,ETH-14991833,1586218058503,3,173.2,ETH-PERPETUAL,173.18,sell,100.0,
11705735,ETH-14991834,1586218067224,2,173.0,ETH-PERPETUAL,173.07,buy,5.0,
11705736,ETH-14991835,1586218067727,0,173.05,ETH-PERPETUAL,173.07,buy,2.0,
11705737,ETH-14991836,1586218070969,0,173.1,ETH-PERPETUAL,173.06,buy,1.0,
11705738,ETH-14991837,1586218070969,1,173.1,ETH-PERPETUAL,173.06,buy,11.0,
11705739,ETH-14991838,1586218070969,1,173.1,ETH-PERPETUAL,173.06,buy,2.0,
11705740,ETH-14991839,1586218076230,0,173.15,ETH-PERPETUAL,173.13,sell,139.0,
11705741,ETH-14991841,1586218086777,0,173.2,ETH-PERPETUAL,173.15,buy,1.0,
11705742,ETH-14991842,1586218086777,1,173.2,ETH-PERPETUAL,173.15,buy,9.0,
11705743,ETH-14991843,1586218086777,1,173.2,ETH-PERPETUAL,173.15,buy,1.0,
11705744,ETH-14991844,1586218086777,1,173.2,ETH-PERPETUAL,173.15,buy,8.0,
11705745,ETH-14991845,1586218086777,1,173.2,ETH-PERPETUAL,173.15,buy,1.0,
11705746,ETH-14991846,1586218086777,1,173.2,ETH-PERPETUAL,173.15,buy,4.0,
11705747,ETH-14991847,1586218086777,1,173.2,ETH-PERPETUAL,173.15,buy,10.0,
11705748,ETH-14991848,1586218091136,0,173.25,ETH-PERPETUAL,173.21,buy,10.0,
11705749,ETH-14991849,1586218091136,1,173.25,ETH-PERPETUAL,173.21,buy,16.0,
11705750,ETH-14991850,1586218091136,1,173.25,ETH-PERPETUAL,173.21,buy,2.0,
11705751,ETH-14991851,1586218091209,0,173.3,ETH-PERPETUAL,173.21,buy,1.0,
11705752,ETH-14991852,1586218092410,0,173.35,ETH-PERPETUAL,173.27,buy,10.0,
11705753,ETH-14991853,1586218092410,1,173.35,ETH-PERPETUAL,173.27,buy,151.0,
11705754,ETH-14991856,1586218092510,0,173.4,ETH-PERPETUAL,173.27,buy,1.0,
11705755,ETH-14991858,1586218100810,2,173.3,ETH-PERPETUAL,173.36,sell,1.0,
11705756,ETH-14991859,1586218101921,3,173.3,ETH-PERPETUAL,173.36,sell,131.0,
11705757,ETH-14991860,1586218101921,3,173.3,ETH-PERPETUAL,173.36,sell,5.0,
11705758,ETH-14991861,1586218102479,2,173.2,ETH-PERPETUAL,173.3,sell,1.0,
11705759,ETH-14991862,1586218103457,3,173.2,ETH-PERPETUAL,173.29,sell,1.0,
11705760,ETH-14991863,1586218103982,0,173.3,ETH-PERPETUAL,173.29,sell,1.0,
11705761,ETH-14991864,1586218104323,1,173.3,ETH-PERPETUAL,173.29,sell,4.0,
11705762,ETH-14991865,1586218106257,2,173.15,ETH-PERPETUAL,173.29,sell,1.0,
11705763,ETH-14991866,1586218107540,0,173.3,ETH-PERPETUAL,173.29,buy,693.0,
11705764,ETH-14991867,1586218108023,1,173.3,ETH-PERPETUAL,173.28,buy,100.0,
11705765,ETH-14991868,1586218111484,2,173.25,ETH-PERPETUAL,173.31,sell,3500.0,
11705766,ETH-14991869,1586218113180,3,173.25,ETH-PERPETUAL,173.32,buy,17.0,
11705767,ETH-14991870,1586218113180,3,173.25,ETH-PERPETUAL,173.32,buy,2.0,
11705768,ETH-14991871,1586218114088,0,173.3,ETH-PERPETUAL,173.34,buy,1.0,
11705769,ETH-14991872,1586218114547,0,173.4,ETH-PERPETUAL,173.34,buy,1.0,
11705770,ETH-14991873,1586218124748,1,173.4,ETH-PERPETUAL,173.39,buy,189.0,
11705771,ETH-14991874,1586218124769,1,173.4,ETH-PERPETUAL,173.39,buy,1811.0,
11705772,ETH-14991875,1586218124769,1,173.4,ETH-PERPETUAL,173.39,buy,27.0,
11705773,ETH-14991876,1586218124769,1,173.4,ETH-PERPETUAL,173.39,buy,3.0,
11705774,ETH-14991877,1586218124769,1,173.4,ETH-PERPETUAL,173.39,buy,1.0,
11705775,ETH-14991879,1586218126921,0,173.5,ETH-PERPETUAL,173.42,buy,1.0,
11705776,ETH-14991880,1586218129781,1,173.5,ETH-PERPETUAL,173.48,buy,4.0,
11705777,ETH-14991881,1586218131925,0,173.6,ETH-PERPETUAL,173.51,buy,1.0,
11705778,ETH-14991882,1586218131925,1,173.6,ETH-PERPETUAL,173.51,buy,1.0,
11705779,ETH-14991883,1586218131925,1,173.6,ETH-PERPETUAL,173.51,buy,1.0,
11705780,ETH-14991884,1586218131925,1,173.6,ETH-PERPETUAL,173.51,buy,1.0,
11705781,ETH-14991885,1586218131925,1,173.6,ETH-PERPETUAL,173.51,buy,4.0,
11705782,ETH-14991886,1586218133546,1,173.6,ETH-PERPETUAL,173.56,buy,3.0,
11705783,ETH-14991889,1586218136181,0,173.65,ETH-PERPETUAL,173.57,buy,1.0,
11705784,ETH-14991890,1586218136181,1,173.65,ETH-PERPETUAL,173.57,buy,10.0,
11705785,ETH-14991891,1586218136181,1,173.65,ETH-PERPETUAL,173.57,buy,30.0,
11705786,ETH-14991892,1586218136842,1,173.65,ETH-PERPETUAL,173.58,sell,1.0,
11705787,ETH-14991893,1586218138492,2,173.6,ETH-PERPETUAL,173.6,sell,30.0,
11705788,ETH-14991894,1586218138492,3,173.6,ETH-PERPETUAL,173.6,sell,5.0,
11705789,ETH-14991896,1586218140054,2,173.5,ETH-PERPETUAL,173.56,sell,5.0,
11705790,ETH-14991897,1586218140294,2,173.4,ETH-PERPETUAL,173.51,sell,1.0,
11705791,ETH-14991898,1586218140490,0,173.55,ETH-PERPETUAL,173.51,buy,80.0,
11705792,ETH-14991899,1586218145343,2,173.45,ETH-PERPETUAL,173.51,sell,1965.0,
11705793,ETH-14991901,1586218149968,2,173.4,ETH-PERPETUAL,173.56,sell,128.0,
11705794,ETH-14991902,1586218149968,3,173.4,ETH-PERPETUAL,173.56,sell,2272.0,
11705795,ETH-14991903,1586218149970,3,173.4,ETH-PERPETUAL,173.56,sell,500.0,
11705796,ETH-14991904,1586218149972,3,173.4,ETH-PERPETUAL,173.56,sell,693.0,
11705797,ETH-14991905,1586218149973,3,173.4,ETH-PERPETUAL,173.56,sell,409.0,
11705798,ETH-14991910,1586218151125,2,173.25,ETH-PERPETUAL,173.53,sell,354.0,
11705799,ETH-14991911,1586218151433,2,173.2,ETH-PERPETUAL,173.5,sell,2.0,
11705800,ETH-14991913,1586218158544,2,173.05,ETH-PERPETUAL,173.3,sell,20.0,
11705801,ETH-14991914,1586218158544,3,173.05,ETH-PERPETUAL,173.3,sell,1734.0,
11705802,ETH-14991915,1586218158565,3,173.05,ETH-PERPETUAL,173.3,sell,1730.0,
11705803,ETH-14991916,1586218162141,2,173.0,ETH-PERPETUAL,173.18,sell,3.0,
11705804,ETH-14991917,1586218162308,3,173.0,ETH-PERPETUAL,173.18,sell,4.0,
11705805,ETH-14991918,1586218162308,3,173.0,ETH-PERPETUAL,173.18,sell,2.0,
11705806,ETH-14991919,1586218164853,0,173.05,ETH-PERPETUAL,173.05,buy,1.0,
11705807,ETH-14991920,1586218164853,1,173.05,ETH-PERPETUAL,173.05,buy,800.0,
11705808,ETH-14991921,1586218167357,0,173.1,ETH-PERPETUAL,173.09,buy,2.0,
11705809,ETH-14991922,1586218167357,1,173.1,ETH-PERPETUAL,173.09,buy,1.0,
11705810,ETH-14991923,1586218167357,1,173.1,ETH-PERPETUAL,173.09,buy,1699.0,
11705811,ETH-14991924,1586218167529,1,173.1,ETH-PERPETUAL,173.1,buy,1.0,
11705812,ETH-14991925,1586218173599,1,173.1,ETH-PERPETUAL,173.19,buy,1.0,
11705813,ETH-14991926,1586218173864,0,173.15,ETH-PERPETUAL,173.19,buy,126.0,
11705814,ETH-14991928,1586218173914,0,173.2,ETH-PERPETUAL,173.19,buy,1.0,
11705815,ETH-14991929,1586218175438,0,173.25,ETH-PERPETUAL,173.23,buy,12.0,
11705816,ETH-14991930,1586218179533,0,173.3,ETH-PERPETUAL,173.31,buy,1.0,
11705817,ETH-14991931,1586218179533,1,173.3,ETH-PERPETUAL,173.31,buy,13.0,
11705818,ETH-14991932,1586218181899,0,173.35,ETH-PERPETUAL,173.33,buy,12.0,
11705819,ETH-14991933,1586218183100,1,173.35,ETH-PERPETUAL,173.35,buy,1.0,
11705820,ETH-14991934,1586218184565,0,173.4,ETH-PERPETUAL,173.43,buy,1.0,
11705821,ETH-14991935,1586218184565,1,173.4,ETH-PERPETUAL,173.43,buy,12.0,
11705822,ETH-14991936,1586218187428,0,173.5,ETH-PERPETUAL,173.46,buy,2.0,
11705823,ETH-14991937,1586218187428,1,173.5,ETH-PERPETUAL,173.46,buy,1.0,
11705824,ETH-14991938,1586218187428,1,173.5,ETH-PERPETUAL,173.46,buy,1.0,
11705825,ETH-14991939,1586218187527,2,173.45,ETH-PERPETUAL,173.46,buy,8.0,
11705826,ETH-14991940,1586218187552,0,173.55,ETH-PERPETUAL,173.46,buy,4.0,
11705827,ETH-14991942,1586218188506,1,173.55,ETH-PERPETUAL,173.46,buy,2.0,
11705828,ETH-14991943,1586218188506,0,173.6,ETH-PERPETUAL,173.46,buy,10.0,
11705829,ETH-14991944,1586218188506,1,173.6,ETH-PERPETUAL,173.46,buy,1.0,
11705830,ETH-14991945,1586218188506,1,173.6,ETH-PERPETUAL,173.46,buy,20810.0,
11705831,ETH-14991946,1586218188701,1,173.6,ETH-PERPETUAL,173.54,buy,2000.0,
11705832,ETH-14991947,1586218188704,1,173.6,ETH-PERPETUAL,173.54,buy,2190.0,
11705833,ETH-14991948,1586218190007,0,173.65,ETH-PERPETUAL,173.56,sell,100.0,
11705834,ETH-14991949,1586218193496,2,173.6,ETH-PERPETUAL,173.59,buy,14.0,
11705835,ETH-14991950,1586218193819,0,173.65,ETH-PERPETUAL,173.63,buy,2.0,
11705836,ETH-14991951,1586218194758,1,173.65,ETH-PERPETUAL,173.66,sell,1736.0,
11705837,ETH-14991952,1586218194785,2,173.6,ETH-PERPETUAL,173.66,sell,1736.0,
11705838,ETH-14991953,1586218194793,3,173.6,ETH-PERPETUAL,173.66,sell,1736.0,
11705839,ETH-14991954,1586218194802,3,173.6,ETH-PERPETUAL,173.66,sell,1736.0,
11705840,ETH-14991955,1586218194810,3,173.6,ETH-PERPETUAL,173.66,sell,1736.0,
11705841,ETH-14991956,1586218200157,2,173.5,ETH-PERPETUAL,173.59,buy,100.0,
11705842,ETH-14991957,1586218200157,3,173.5,ETH-PERPETUAL,173.59,buy,5000.0,
11705843,ETH-14991958,1586218200157,3,173.5,ETH-PERPETUAL,173.59,buy,1100.0,
11705844,ETH-14991959,1586218200157,0,173.55,ETH-PERPETUAL,173.59,buy,590.0,
11705845,ETH-14991960,1586218201066,2,173.5,ETH-PERPETUAL,173.57,sell,20.0,
11705846,ETH-14991961,1586218204343,0,173.55,ETH-PERPETUAL,173.58,buy,3.0,
11705847,ETH-14991962,1586218204343,1,173.55,ETH-PERPETUAL,173.58,buy,4.0,
11705848,ETH-14991963,1586218204343,1,173.55,ETH-PERPETUAL,173.58,buy,10.0,
11705849,ETH-14991964,1586218206168,2,173.5,ETH-PERPETUAL,173.59,sell,1735.0,
11705850,ETH-14991965,1586218206168,3,173.5,ETH-PERPETUAL,173.59,sell,100.0,
11705851,ETH-14991966,1586218206168,2,173.45,ETH-PERPETUAL,173.59,sell,800.0,
11705852,ETH-14991967,1586218206168,3,173.45,ETH-PERPETUAL,173.59,sell,107.0,
11705853,ETH-14991968,1586218206168,3,173.45,ETH-PERPETUAL,173.59,sell,5.0,
11705854,ETH-14991969,1586218206168,2,173.4,ETH-PERPETUAL,173.59,sell,253.0,
11705855,ETH-14991970,1586218206825,0,173.5,ETH-PERPETUAL,173.58,buy,5.0,
11705856,ETH-14991971,1586218209451,0,173.6,ETH-PERPETUAL,173.58,buy,10.0,
11705857,ETH-14991973,1586218211756,0,173.65,ETH-PERPETUAL,173.66,buy,1.0,
11705858,ETH-14991974,1586218212027,0,173.7,ETH-PERPETUAL,173.66,buy,1.0,
11705859,ETH-14991975,1586218212027,1,173.7,ETH-PERPETUAL,173.66,buy,1.0,
11705860,ETH-14991976,1586218212027,1,173.7,ETH-PERPETUAL,173.66,buy,2.0,
11705861,ETH-14991977,1586218212027,1,173.7,ETH-PERPETUAL,173.66,buy,3.0,
11705862,ETH-14991978,1586218212027,1,173.7,ETH-PERPETUAL,173.66,buy,418.0,
11705863,ETH-14991979,1586218212220,0,173.75,ETH-PERPETUAL,173.66,buy,1.0,
11705864,ETH-14991980,1586218212220,1,173.75,ETH-PERPETUAL,173.66,buy,169.0,
11705865,ETH-14991984,1586218212295,1,173.75,ETH-PERPETUAL,173.66,sell,441.0,
11705866,ETH-14991985,1586218213033,0,173.8,ETH-PERPETUAL,173.69,buy,414.0,
11705867,ETH-14991986,1586218213033,1,173.8,ETH-PERPETUAL,173.69,buy,1151.0,
11705868,ETH-14991987,1586218213319,1,173.8,ETH-PERPETUAL,173.69,buy,14.0,
11705869,ETH-14991989,1586218214164,0,173.85,ETH-PERPETUAL,173.72,buy,524.0,
11705870,ETH-14991990,1586218214164,1,173.85,ETH-PERPETUAL,173.72,buy,1.0,
11705871,ETH-14991991,1586218214164,1,173.85,ETH-PERPETUAL,173.72,buy,1.0,
11705872,ETH-14991993,1586218215705,0,173.95,ETH-PERPETUAL,173.77,buy,1.0,
11705873,ETH-14991994,1586218215705,1,173.95,ETH-PERPETUAL,173.77,buy,3.0,
11705874,ETH-14991995,1586218215705,1,173.95,ETH-PERPETUAL,173.77,buy,1.0,
11705875,ETH-14991996,1586218215705,1,173.95,ETH-PERPETUAL,173.77,buy,26.0,
11705876,ETH-14991997,1586218216713,0,174.0,ETH-PERPETUAL,173.83,buy,1520.0,
11705877,ETH-14991998,1586218216721,1,174.0,ETH-PERPETUAL,173.83,buy,800.0,
11705878,ETH-14992000,1586218216810,1,174.0,ETH-PERPETUAL,173.85,buy,1160.0,
11705879,ETH-14992001,1586218216810,1,174.0,ETH-PERPETUAL,173.85,buy,10.0,
11705880,ETH-14992002,1586218216810,1,174.0,ETH-PERPETUAL,173.85,buy,10.0,
11705881,ETH-14992003,1586218216810,1,174.0,ETH-PERPETUAL,173.85,buy,1.0,
11705882,ETH-14992007,1586218218082,0,174.05,ETH-PERPETUAL,173.95,buy,1770.0,
11705883,ETH-14992008,1586218218082,1,174.05,ETH-PERPETUAL,173.95,buy,1.0,
11705884,ETH-14992009,1586218218082,1,174.05,ETH-PERPETUAL,173.95,buy,4.0,
11705885,ETH-14992010,1586218218082,1,174.05,ETH-PERPETUAL,173.95,buy,2.0,
11705886,ETH-14992011,1586218218082,1,174.05,ETH-PERPETUAL,173.95,buy,35.0,
11705887,ETH-14992016,1586218220189,0,174.1,ETH-PERPETUAL,174.02,buy,6.0,
11705888,ETH-14992017,1586218220452,2,174.05,ETH-PERPETUAL,174.02,sell,5.0,
11705889,ETH-14992018,1586218220452,3,174.05,ETH-PERPETUAL,174.02,sell,200.0,
11705890,ETH-14992019,1586218220452,3,174.05,ETH-PERPETUAL,174.02,sell,1.0,
11705891,ETH-14992020,1586218220452,3,174.05,ETH-PERPETUAL,174.02,sell,144.0,
11705892,ETH-14992021,1586218220452,3,174.05,ETH-PERPETUAL,174.02,sell,144.0,
11705893,ETH-14992022,1586218220452,3,174.05,ETH-PERPETUAL,174.02,sell,144.0,
11705894,ETH-14992023,1586218220452,2,174.0,ETH-PERPETUAL,174.02,sell,1362.0,
11705895,ETH-14992024,1586218220630,0,174.05,ETH-PERPETUAL,174.02,sell,5.0,
11705896,ETH-14992025,1586218220630,2,174.0,ETH-PERPETUAL,174.02,sell,1995.0,
11705897,ETH-14992026,1586218220711,0,174.1,ETH-PERPETUAL,174.02,buy,35.0,
11705898,ETH-14992027,1586218220926,2,174.0,ETH-PERPETUAL,174.04,sell,200.0,
11705899,ETH-14992028,1586218220926,3,174.0,ETH-PERPETUAL,174.04,sell,1800.0,
11705900,ETH-14992029,1586218221078,3,174.0,ETH-PERPETUAL,174.04,sell,2000.0,
11705901,ETH-14992030,1586218221210,3,174.0,ETH-PERPETUAL,174.04,sell,2000.0,
11705902,ETH-14992031,1586218221412,3,174.0,ETH-PERPETUAL,174.04,sell,2000.0,
11705903,ETH-14992034,1586218221718,0,174.15,ETH-PERPETUAL,174.04,buy,1.0,
11705904,ETH-14992035,1586218221718,1,174.15,ETH-PERPETUAL,174.04,buy,2000.0,
11705905,ETH-14992036,1586218221718,1,174.15,ETH-PERPETUAL,174.04,buy,10.0,
11705906,ETH-14992037,1586218221882,0,174.2,ETH-PERPETUAL,174.05,buy,2000.0,
11705907,ETH-14992039,1586218222590,0,174.25,ETH-PERPETUAL,174.05,buy,1.0,
11705908,ETH-14992040,1586218222590,1,174.25,ETH-PERPETUAL,174.05,buy,2000.0,
11705909,ETH-14992041,1586218222637,0,174.3,ETH-PERPETUAL,174.05,buy,1.0,
11705910,ETH-14992043,1586218223158,1,174.3,ETH-PERPETUAL,174.16,sell,5.0,
11705911,ETH-14992044,1586218223235,1,174.3,ETH-PERPETUAL,174.16,buy,600.0,
11705912,ETH-14992045,1586218223235,1,174.3,ETH-PERPETUAL,174.16,buy,1000.0,
11705913,ETH-14992046,1586218223628,0,174.35,ETH-PERPETUAL,174.16,buy,1000.0,
11705914,ETH-14992047,1586218223628,1,174.35,ETH-PERPETUAL,174.16,buy,1.0,
11705915,ETH-14992048,1586218223628,1,174.35,ETH-PERPETUAL,174.16,buy,249.0,
11705916,ETH-14992049,1586218223630,1,174.35,ETH-PERPETUAL,174.16,buy,1249.0,
11705917,ETH-14992050,1586218225907,2,174.3,ETH-PERPETUAL,174.2,buy,531.0,
11705918,ETH-14992051,1586218226284,2,174.2,ETH-PERPETUAL,174.2,sell,5.0,
11705919,ETH-14992052,1586218226284,2,174.15,ETH-PERPETUAL,174.2,sell,21.0,
11705920,ETH-14992053,1586218226890,0,174.2,ETH-PERPETUAL,174.21,buy,37.0,
11705921,ETH-14992054,1586218226917,0,174.25,ETH-PERPETUAL,174.21,buy,6.0,
11705922,ETH-14992056,1586218228449,0,174.3,ETH-PERPETUAL,174.22,buy,1469.0,
11705923,ETH-14992057,1586218228449,1,174.3,ETH-PERPETUAL,174.22,buy,1.0,
11705924,ETH-14992058,1586218228449,1,174.3,ETH-PERPETUAL,174.22,buy,100.0,
11705925,ETH-14992059,1586218228449,1,174.3,ETH-PERPETUAL,174.22,buy,274.0,
11705926,ETH-14992060,1586218228449,1,174.3,ETH-PERPETUAL,174.22,buy,10.0,
11705927,ETH-14992061,1586218228449,0,174.35,ETH-PERPETUAL,174.22,buy,502.0,
11705928,ETH-14992062,1586218228449,1,174.35,ETH-PERPETUAL,174.22,buy,800.0,
11705929,ETH-14992063,1586218228449,0,174.4,ETH-PERPETUAL,174.22,buy,152.0,
11705930,ETH-14992064,1586218228449,1,174.4,ETH-PERPETUAL,174.22,buy,250.0,
11705931,ETH-14992065,1586218228449,1,174.4,ETH-PERPETUAL,174.22,buy,847.0,
11705932,ETH-14992066,1586218228449,1,174.4,ETH-PERPETUAL,174.22,buy,1.0,
11705933,ETH-14992067,1586218228449,0,174.45,ETH-PERPETUAL,174.22,buy,594.0,
11705934,ETH-14992071,1586218228511,2,174.4,ETH-PERPETUAL,174.22,buy,800.0,
11705935,ETH-14992072,1586218228535,2,174.35,ETH-PERPETUAL,174.22,buy,800.0,
11705936,ETH-14992074,1586218228623,0,174.4,ETH-PERPETUAL,174.22,buy,800.0,
11705937,ETH-14992075,1586218228623,0,174.45,ETH-PERPETUAL,174.22,buy,1176.0,
11705938,ETH-14992076,1586218228623,1,174.45,ETH-PERPETUAL,174.22,buy,200.0,
11705939,ETH-14992077,1586218228623,0,174.5,ETH-PERPETUAL,174.22,buy,298.0,
11705940,ETH-14992078,1586218228718,2,174.45,ETH-PERPETUAL,174.22,buy,10.0,
11705941,ETH-14992079,1586218228922,2,174.3,ETH-PERPETUAL,174.26,buy,6.0,
11705942,ETH-14992080,1586218229628,0,174.4,ETH-PERPETUAL,174.26,buy,42.0,
11705943,ETH-14992081,1586218229628,0,174.45,ETH-PERPETUAL,174.26,buy,1208.0,
11705944,ETH-14992082,1586218229830,2,174.4,ETH-PERPETUAL,174.26,buy,500.0,
11705945,ETH-14992083,1586218229831,3,174.4,ETH-PERPETUAL,174.26,buy,110.0,
11705946,ETH-14992085,1586218230134,0,174.45,ETH-PERPETUAL,174.28,buy,170.0,
11705947,ETH-14992089,1586218230432,0,174.5,ETH-PERPETUAL,174.28,buy,1702.0,
11705948,ETH-14992090,1586218230432,1,174.5,ETH-PERPETUAL,174.28,buy,1.0,
11705949,ETH-14992091,1586218230432,1,174.5,ETH-PERPETUAL,174.28,buy,144.0,
11705950,ETH-14992092,1586218230466,0,174.55,ETH-PERPETUAL,174.28,buy,5000.0,
11705951,ETH-14992094,1586218230592,1,174.55,ETH-PERPETUAL,174.28,buy,1166.0,
11705952,ETH-14992095,1586218230606,1,174.55,ETH-PERPETUAL,174.28,buy,5.0,
11705953,ETH-14992096,1586218230614,1,174.55,ETH-PERPETUAL,174.28,buy,1088.0,
11705954,ETH-14992097,1586218230627,1,174.55,ETH-PERPETUAL,174.28,buy,72.0,
11705955,ETH-14992098,1586218230849,0,174.6,ETH-PERPETUAL,174.37,buy,1.0,
11705956,ETH-14992099,1586218230849,1,174.6,ETH-PERPETUAL,174.37,buy,582.0,
11705957,ETH-14992100,1586218231616,2,174.55,ETH-PERPETUAL,174.37,sell,100.0,
11705958,ETH-14992101,1586218231616,3,174.55,ETH-PERPETUAL,174.37,sell,110.0,
11705959,ETH-14992102,1586218232427,2,174.5,ETH-PERPETUAL,174.45,sell,5.0,
11705960,ETH-14992103,1586218232427,2,174.45,ETH-PERPETUAL,174.45,sell,5.0,
11705961,ETH-14992105,1586218232639,3,174.45,ETH-PERPETUAL,174.45,sell,5.0,
11705962,ETH-14992106,1586218232639,3,174.45,ETH-PERPETUAL,174.45,sell,1000.0,
11705963,ETH-14992107,1586218232799,3,174.45,ETH-PERPETUAL,174.45,buy,100.0,
11705964,ETH-14992108,1586218232799,3,174.45,ETH-PERPETUAL,174.45,buy,700.0,
11705965,ETH-14992109,1586218232799,3,174.45,ETH-PERPETUAL,174.45,buy,100.0,
11705966,ETH-14992110,1586218232799,0,174.5,ETH-PERPETUAL,174.45,buy,1100.0,
11705967,ETH-14992112,1586218233556,1,174.5,ETH-PERPETUAL,174.42,buy,10.0,
11705968,ETH-14992113,1586218233807,0,174.55,ETH-PERPETUAL,174.42,buy,106.0,
11705969,ETH-14992114,1586218233807,1,174.55,ETH-PERPETUAL,174.42,buy,250.0,
11705970,ETH-14992117,1586218234149,0,174.6,ETH-PERPETUAL,174.44,buy,8.0,
11705971,ETH-14992118,1586218234149,1,174.6,ETH-PERPETUAL,174.44,buy,55.0,
11705972,ETH-14992119,1586218234456,0,174.65,ETH-PERPETUAL,174.44,buy,1.0,
11705973,ETH-14992120,1586218234456,1,174.65,ETH-PERPETUAL,174.44,buy,1.0,
11705974,ETH-14992121,1586218234456,1,174.65,ETH-PERPETUAL,174.44,buy,1213.0,
11705975,ETH-14992122,1586218234481,1,174.65,ETH-PERPETUAL,174.44,buy,1.0,
11705976,ETH-14992123,1586218234483,1,174.65,ETH-PERPETUAL,174.44,buy,1.0,
11705977,ETH-14992124,1586218234484,1,174.65,ETH-PERPETUAL,174.44,buy,1.0,
11705978,ETH-14992125,1586218234485,1,174.65,ETH-PERPETUAL,174.44,buy,1.0,
11705979,ETH-14992127,1586218234905,1,174.65,ETH-PERPETUAL,174.5,buy,783.0,
11705980,ETH-14992128,1586218234905,1,174.65,ETH-PERPETUAL,174.5,buy,1300.0,
11705981,ETH-14992129,1586218235579,1,174.65,ETH-PERPETUAL,174.5,sell,5.0,
11705982,ETH-14992130,1586218235579,1,174.65,ETH-PERPETUAL,174.5,sell,100.0,
11705983,ETH-14992131,1586218235579,1,174.65,ETH-PERPETUAL,174.5,sell,1847.0,
11705984,ETH-14992135,1586218235903,0,174.7,ETH-PERPETUAL,174.56,buy,1200.0,
11705985,ETH-14992136,1586218235906,1,174.7,ETH-PERPETUAL,174.56,buy,800.0,
11705986,ETH-14992137,1586218235906,1,174.7,ETH-PERPETUAL,174.56,buy,1.0,
11705987,ETH-14992138,1586218235906,1,174.7,ETH-PERPETUAL,174.56,buy,51.0,
11705988,ETH-14992140,1586218235959,1,174.7,ETH-PERPETUAL,174.56,sell,852.0,
11705989,ETH-14992141,1586218235959,2,174.65,ETH-PERPETUAL,174.56,sell,550.0,
11705990,ETH-14992142,1586218236279,3,174.65,ETH-PERPETUAL,174.56,sell,1403.0,
11705991,ETH-14992143,1586218236279,3,174.65,ETH-PERPETUAL,174.56,sell,857.0,
11705992,ETH-14992144,1586218237702,0,174.75,ETH-PERPETUAL,174.61,buy,8.0,
11705993,ETH-14992145,1586218238794,1,174.75,ETH-PERPETUAL,174.65,buy,47.0,
11705994,ETH-14992146,1586218238810,0,174.8,ETH-PERPETUAL,174.65,buy,1.0,
11705995,ETH-14992147,1586218239362,0,174.85,ETH-PERPETUAL,174.67,buy,326.0,
11705996,ETH-14992148,1586218239363,1,174.85,ETH-PERPETUAL,174.67,buy,500.0,
11705997,ETH-14992149,1586218239365,1,174.85,ETH-PERPETUAL,174.67,buy,174.0,
11705998,ETH-14992150,1586218239365,1,174.85,ETH-PERPETUAL,174.67,buy,1.0,
