trade_seq,trade_id,timestamp,tick_direction,price,instrument_name,index_price,direction,amount
11837626,ETH-15148631,1586563200634,2,157.95,ETH-PERPETUAL,158.09,sell,10.0
11837627,ETH-15148632,1586563200634,3,157.95,ETH-PERPETUAL,158.09,sell,990.0
11837628,ETH-15148634,1586563202135,3,157.95,ETH-PERPETUAL,158.09,sell,310.0
11837629,ETH-15148635,1586563202135,3,157.95,ETH-PERPETUAL,158.09,sell,588.0
11837630,ETH-15148636,1586563202135,3,157.95,ETH-PERPETUAL,158.09,sell,102.0
11837631,ETH-15148638,1586563202251,3,157.95,ETH-PERPETUAL,158.09,sell,1000.0
11837632,ETH-15148639,1586563202299,0,158.0,ETH-PERPETUAL,158.09,buy,140.0
11837633,ETH-15148640,1586563202299,1,158.0,ETH-PERPETUAL,158.09,buy,400.0
11837634,ETH-15148641,1586563202299,1,158.0,ETH-PERPETUAL,158.09,buy,100.0
11837635,ETH-15148642,1586563202299,0,158.05,ETH-PERPETUAL,158.09,buy,1580.0
11837636,ETH-15148643,1586563202299,0,158.1,ETH-PERPETUAL,158.09,buy,13.0
11837637,ETH-15148644,1586563202299,1,158.1,ETH-PERPETUAL,158.09,buy,1.0
11837638,ETH-15148645,1586563202299,1,158.1,ETH-PERPETUAL,158.09,buy,40.0
11837639,ETH-15148646,1586563202299,1,158.1,ETH-PERPETUAL,158.09,buy,250.0
11837640,ETH-15148647,1586563202299,1,158.1,ETH-PERPETUAL,158.09,buy,2500.0
11837641,ETH-15148648,1586563202299,1,158.1,ETH-PERPETUAL,158.09,buy,10.0
11837642,ETH-15148649,1586563202299,0,158.15,ETH-PERPETUAL,158.09,buy,20000.0
11837643,ETH-15148650,1586563202299,1,158.15,ETH-PERPETUAL,158.09,buy,2500.0
11837644,ETH-15148651,1586563202299,1,158.15,ETH-PERPETUAL,158.09,buy,21930.0
11837645,ETH-15148652,1586563202299,0,158.2,ETH-PERPETUAL,158.09,buy,1.0
11837646,ETH-15148653,1586563202299,1,158.2,ETH-PERPETUAL,158.09,buy,3000.0
11837647,ETH-15148654,1586563202299,1,158.2,ETH-PERPETUAL,158.09,buy,1.0
11837648,ETH-15148655,1586563202299,1,158.2,ETH-PERPETUAL,158.09,buy,2500.0
11837649,ETH-15148656,1586563202299,1,158.2,ETH-PERPETUAL,158.09,buy,6494.0
11837650,ETH-15148660,1586563202349,2,158.0,ETH-PERPETUAL,158.09,sell,100.0
11837651,ETH-15148661,1586563202349,3,158.0,ETH-PERPETUAL,158.09,sell,300.0
11837652,ETH-15148662,1586563202349,3,158.0,ETH-PERPETUAL,158.09,sell,600.0
11837653,ETH-15148665,1586563202838,3,158.0,ETH-PERPETUAL,158.09,sell,30.0
11837654,ETH-15148670,1586563203416,3,158.0,ETH-PERPETUAL,158.09,sell,2012.0
11837655,ETH-15148671,1586563203440,3,158.0,ETH-PERPETUAL,158.09,sell,358.0
11837656,ETH-15148672,1586563203440,3,158.0,ETH-PERPETUAL,158.09,sell,155.0
11837657,ETH-15148673,1586563205747,0,158.05,ETH-PERPETUAL,158.11,buy,103.0
11837658,ETH-15148674,1586563206418,1,158.05,ETH-PERPETUAL,158.11,buy,897.0
11837659,ETH-15148676,1586563207785,0,158.1,ETH-PERPETUAL,158.15,sell,100.0
11837660,ETH-15148677,1586563207785,1,158.1,ETH-PERPETUAL,158.15,sell,45.0
11837661,ETH-15148682,1586563216099,0,158.15,ETH-PERPETUAL,158.2,buy,1000.0
11837662,ETH-15148683,1586563216099,1,158.15,ETH-PERPETUAL,158.2,buy,1.0
11837663,ETH-15148685,1586563218449,0,158.2,ETH-PERPETUAL,158.23,buy,1.0
11837664,ETH-15148686,1586563218449,1,158.2,ETH-PERPETUAL,158.23,buy,1000.0
11837665,ETH-15148687,1586563218449,0,158.25,ETH-PERPETUAL,158.23,buy,2.0
11837666,ETH-15148688,1586563218449,1,158.25,ETH-PERPETUAL,158.23,buy,1.0
11837667,ETH-15148689,1586563218449,1,158.25,ETH-PERPETUAL,158.23,buy,1.0
11837668,ETH-15148690,1586563218449,0,158.3,ETH-PERPETUAL,158.23,buy,1.0
11837669,ETH-15148691,1586563218449,1,158.3,ETH-PERPETUAL,158.23,buy,344.0
11837670,ETH-15148692,1586563218467,1,158.3,ETH-PERPETUAL,158.23,buy,1250.0
11837671,ETH-15148697,1586563218959,2,158.25,ETH-PERPETUAL,158.24,sell,500.0
11837672,ETH-15148698,1586563219042,0,158.3,ETH-PERPETUAL,158.24,buy,1.0
11837673,ETH-15148699,1586563219042,1,158.3,ETH-PERPETUAL,158.24,buy,1000.0
11837674,ETH-15148701,1586563219302,0,158.35,ETH-PERPETUAL,158.24,buy,2.0
11837675,ETH-15148702,1586563219302,1,158.35,ETH-PERPETUAL,158.24,buy,1.0
11837676,ETH-15148703,1586563219302,1,158.35,ETH-PERPETUAL,158.24,buy,1151.0
11837677,ETH-15148704,1586563219303,1,158.35,ETH-PERPETUAL,158.24,buy,3617.0
11837678,ETH-15148705,1586563219717,1,158.35,ETH-PERPETUAL,158.28,buy,1.0
11837679,ETH-15148706,1586563219717,1,158.35,ETH-PERPETUAL,158.28,buy,134.0
11837680,ETH-15148707,1586563219717,1,158.35,ETH-PERPETUAL,158.28,buy,1000.0
11837681,ETH-15148708,1586563219717,0,158.4,ETH-PERPETUAL,158.28,buy,1.0
11837682,ETH-15148709,1586563219717,1,158.4,ETH-PERPETUAL,158.28,buy,114.0
11837683,ETH-15148713,1586563219724,1,158.4,ETH-PERPETUAL,158.28,buy,1350.0
11837684,ETH-15148714,1586563219725,1,158.4,ETH-PERPETUAL,158.28,buy,1036.0
11837685,ETH-15148715,1586563219725,1,158.4,ETH-PERPETUAL,158.28,buy,1.0
11837686,ETH-15148716,1586563219725,1,158.4,ETH-PERPETUAL,158.28,buy,160.0
11837687,ETH-15148717,1586563219725,1,158.4,ETH-PERPETUAL,158.28,buy,53.0
11837688,ETH-15148718,1586563219726,1,158.4,ETH-PERPETUAL,158.28,buy,101.0
11837689,ETH-15148719,1586563219726,0,158.45,ETH-PERPETUAL,158.28,buy,1.0
11837690,ETH-15148720,1586563219726,1,158.45,ETH-PERPETUAL,158.28,buy,1248.0
11837691,ETH-15148721,1586563219726,1,158.45,ETH-PERPETUAL,158.28,buy,1250.0
11837692,ETH-15148724,1586563220801,2,158.3,ETH-PERPETUAL,158.32,sell,132.0
11837693,ETH-15148725,1586563220801,3,158.3,ETH-PERPETUAL,158.32,sell,368.0
11837694,ETH-15148726,1586563221550,0,158.45,ETH-PERPETUAL,158.32,buy,1.0
11837695,ETH-15148727,1586563221550,1,158.45,ETH-PERPETUAL,158.32,buy,832.0
11837696,ETH-15148728,1586563222013,1,158.45,ETH-PERPETUAL,158.37,buy,417.0
11837697,ETH-15148729,1586563222745,2,158.35,ETH-PERPETUAL,158.38,sell,129.0
11837698,ETH-15148730,1586563222745,2,158.3,ETH-PERPETUAL,158.38,sell,371.0
11837699,ETH-15148731,1586563222996,0,158.4,ETH-PERPETUAL,158.38,buy,1200.0
11837700,ETH-15148732,1586563223975,0,158.45,ETH-PERPETUAL,158.4,buy,1000.0
11837701,ETH-15148733,1586563223975,1,158.45,ETH-PERPETUAL,158.4,buy,313.0
11837702,ETH-15148734,1586563223976,1,158.45,ETH-PERPETUAL,158.4,buy,687.0
11837703,ETH-15148737,1586563224633,0,158.5,ETH-PERPETUAL,158.4,buy,1.0
11837704,ETH-15148738,1586563224633,1,158.5,ETH-PERPETUAL,158.4,buy,1.0
11837705,ETH-15148739,1586563224633,1,158.5,ETH-PERPETUAL,158.4,buy,1007.0
11837706,ETH-15148740,1586563224633,1,158.5,ETH-PERPETUAL,158.4,buy,931.0
11837707,ETH-15148741,1586563224640,1,158.5,ETH-PERPETUAL,158.4,buy,69.0
11837708,ETH-15148742,1586563224640,0,158.55,ETH-PERPETUAL,158.4,buy,1.0
11837709,ETH-15148743,1586563224640,1,158.55,ETH-PERPETUAL,158.4,buy,1.0
11837710,ETH-15148744,1586563224640,0,158.6,ETH-PERPETUAL,158.4,buy,4929.0
11837711,ETH-15148746,1586563225956,2,158.55,ETH-PERPETUAL,158.5,buy,1332.0
11837712,ETH-15148747,1586563225957,3,158.55,ETH-PERPETUAL,158.5,buy,507.0
11837713,ETH-15148748,1586563229717,3,158.55,ETH-PERPETUAL,158.57,sell,2000.0
11837714,ETH-15148749,1586563231839,3,158.55,ETH-PERPETUAL,158.56,buy,200.0
11837715,ETH-15148750,1586563231839,3,158.55,ETH-PERPETUAL,158.56,buy,573.0
11837716,ETH-15148751,1586563232475,3,158.55,ETH-PERPETUAL,158.56,sell,200.0
11837717,ETH-15148752,1586563232475,3,158.55,ETH-PERPETUAL,158.56,sell,2300.0
11837718,ETH-15148753,1586563232475,2,158.5,ETH-PERPETUAL,158.56,sell,1500.0
11837719,ETH-15148754,1586563232778,0,158.6,ETH-PERPETUAL,158.59,buy,1.0
11837720,ETH-15148755,1586563232778,1,158.6,ETH-PERPETUAL,158.59,buy,1.0
11837721,ETH-15148756,1586563232778,1,158.6,ETH-PERPETUAL,158.59,buy,1000.0
11837722,ETH-15148758,1586563232930,0,158.65,ETH-PERPETUAL,158.59,buy,1.0
11837723,ETH-15148759,1586563232930,1,158.65,ETH-PERPETUAL,158.59,buy,1.0
11837724,ETH-15148760,1586563232930,1,158.65,ETH-PERPETUAL,158.59,buy,1000.0
11837725,ETH-15148763,1586563234286,0,158.7,ETH-PERPETUAL,158.62,buy,500.0
11837726,ETH-15148764,1586563234286,1,158.7,ETH-PERPETUAL,158.62,buy,100.0
11837727,ETH-15148765,1586563234286,1,158.7,ETH-PERPETUAL,158.62,buy,1.0
11837728,ETH-15148766,1586563234286,1,158.7,ETH-PERPETUAL,158.62,buy,1.0
11837729,ETH-15148767,1586563234286,1,158.7,ETH-PERPETUAL,158.62,buy,1839.0
11837730,ETH-15148768,1586563235170,1,158.7,ETH-PERPETUAL,158.68,buy,1588.0
11837731,ETH-15148769,1586563235170,0,158.75,ETH-PERPETUAL,158.68,buy,1.0
11837732,ETH-15148770,1586563235170,1,158.75,ETH-PERPETUAL,158.68,buy,1.0
11837733,ETH-15148771,1586563235170,1,158.75,ETH-PERPETUAL,158.68,buy,1000.0
11837734,ETH-15148772,1586563235170,0,158.8,ETH-PERPETUAL,158.68,buy,1.0
11837735,ETH-15148773,1586563235170,1,158.8,ETH-PERPETUAL,158.68,buy,1.0
11837736,ETH-15148774,1586563235170,1,158.8,ETH-PERPETUAL,158.68,buy,462.0
11837737,ETH-15148775,1586563235170,1,158.8,ETH-PERPETUAL,158.68,buy,250.0
11837738,ETH-15148776,1586563235170,0,158.85,ETH-PERPETUAL,158.68,buy,1.0
11837739,ETH-15148777,1586563235170,1,158.85,ETH-PERPETUAL,158.68,buy,1.0
11837740,ETH-15148778,1586563235170,1,158.85,ETH-PERPETUAL,158.68,buy,2500.0
11837741,ETH-15148779,1586563235170,1,158.85,ETH-PERPETUAL,158.68,buy,194.0
11837742,ETH-15148780,1586563235326,2,158.7,ETH-PERPETUAL,158.68,buy,1587.0
11837743,ETH-15148781,1586563235326,0,158.85,ETH-PERPETUAL,158.68,buy,353.0
11837744,ETH-15148782,1586563235331,1,158.85,ETH-PERPETUAL,158.68,buy,8000.0
11837745,ETH-15148783,1586563238859,2,158.65,ETH-PERPETUAL,158.63,buy,100.0
11837746,ETH-15148784,1586563238859,3,158.65,ETH-PERPETUAL,158.63,buy,200.0
11837747,ETH-15148785,1586563238859,3,158.65,ETH-PERPETUAL,158.63,buy,1050.0
11837748,ETH-15148786,1586563238928,3,158.65,ETH-PERPETUAL,158.63,buy,536.0
11837749,ETH-15148787,1586563238928,3,158.65,ETH-PERPETUAL,158.63,buy,814.0
11837750,ETH-15148788,1586563239260,3,158.65,ETH-PERPETUAL,158.63,buy,186.0
11837751,ETH-15148789,1586563239260,3,158.65,ETH-PERPETUAL,158.63,buy,1065.0
11837752,ETH-15148790,1586563239261,3,158.65,ETH-PERPETUAL,158.63,buy,521.0
11837753,ETH-15148791,1586563239261,3,158.65,ETH-PERPETUAL,158.63,buy,250.0
11837754,ETH-15148792,1586563239261,0,158.75,ETH-PERPETUAL,158.63,buy,479.0
11837755,ETH-15148793,1586563239276,2,158.65,ETH-PERPETUAL,158.63,buy,1586.0
11837756,ETH-15148797,1586563239304,3,158.65,ETH-PERPETUAL,158.63,buy,1586.0
11837757,ETH-15148798,1586563239342,3,158.65,ETH-PERPETUAL,158.63,buy,1586.0
11837758,ETH-15148799,1586563239383,3,158.65,ETH-PERPETUAL,158.63,buy,1586.0
11837759,ETH-15148800,1586563239407,3,158.65,ETH-PERPETUAL,158.63,buy,1000.0
11837760,ETH-15148801,1586563239407,3,158.65,ETH-PERPETUAL,158.63,buy,1586.0
11837761,ETH-15148803,1586563239890,3,158.65,ETH-PERPETUAL,158.64,buy,517.0
11837762,ETH-15148804,1586563239896,3,158.65,ETH-PERPETUAL,158.64,buy,483.0
11837763,ETH-15148807,1586563241679,0,158.8,ETH-PERPETUAL,158.67,buy,1000.0
11837764,ETH-15148808,1586563241679,1,158.8,ETH-PERPETUAL,158.67,buy,250.0
11837765,ETH-15148809,1586563241679,1,158.8,ETH-PERPETUAL,158.67,buy,100.0
11837766,ETH-15148810,1586563241689,1,158.8,ETH-PERPETUAL,158.67,buy,900.0
11837767,ETH-15148811,1586563241689,0,158.85,ETH-PERPETUAL,158.67,buy,350.0
11837768,ETH-15148815,1586563244544,2,158.8,ETH-PERPETUAL,158.72,buy,813.0
11837769,ETH-15148816,1586563244547,3,158.8,ETH-PERPETUAL,158.72,buy,1250.0
11837770,ETH-15148817,1586563244550,3,158.8,ETH-PERPETUAL,158.72,buy,637.0
11837771,ETH-15148818,1586563244550,3,158.8,ETH-PERPETUAL,158.72,buy,614.0
11837772,ETH-15148819,1586563244551,3,158.8,ETH-PERPETUAL,158.72,buy,386.0
11837773,ETH-15148820,1586563244551,0,158.85,ETH-PERPETUAL,158.72,buy,250.0
11837774,ETH-15148821,1586563244551,1,158.85,ETH-PERPETUAL,158.72,buy,614.0
11837775,ETH-15148822,1586563244558,1,158.85,ETH-PERPETUAL,158.72,buy,1350.0
11837776,ETH-15148825,1586563244632,1,158.85,ETH-PERPETUAL,158.72,buy,10.0
11837777,ETH-15148826,1586563244632,1,158.85,ETH-PERPETUAL,158.72,buy,1240.0
11837778,ETH-15148827,1586563249965,2,158.8,ETH-PERPETUAL,158.81,sell,200.0
11837779,ETH-15148828,1586563249965,3,158.8,ETH-PERPETUAL,158.81,sell,100.0
11837780,ETH-15148829,1586563251605,3,158.8,ETH-PERPETUAL,158.79,buy,131.0
11837781,ETH-15148830,1586563251735,3,158.8,ETH-PERPETUAL,158.79,buy,69.0
11837782,ETH-15148831,1586563251735,3,158.8,ETH-PERPETUAL,158.79,buy,48.0
11837783,ETH-15148832,1586563251737,3,158.8,ETH-PERPETUAL,158.79,buy,52.0
11837784,ETH-15148833,1586563251869,0,158.85,ETH-PERPETUAL,158.78,buy,1250.0
11837785,ETH-15148834,1586563254696,1,158.85,ETH-PERPETUAL,158.81,buy,300.0
11837786,ETH-15148835,1586563254696,1,158.85,ETH-PERPETUAL,158.81,buy,950.0
11837787,ETH-15148836,1586563257481,0,158.9,ETH-PERPETUAL,158.86,buy,1.0
11837788,ETH-15148837,1586563257481,1,158.9,ETH-PERPETUAL,158.86,buy,1.0
11837789,ETH-15148838,1586563257481,1,158.9,ETH-PERPETUAL,158.86,buy,589.0
11837790,ETH-15148839,1586563257481,1,158.9,ETH-PERPETUAL,158.86,buy,759.0
11837791,ETH-15148840,1586563257482,1,158.9,ETH-PERPETUAL,158.86,buy,241.0
11837792,ETH-15148841,1586563257482,0,158.95,ETH-PERPETUAL,158.86,buy,1.0
11837793,ETH-15148842,1586563257482,1,158.95,ETH-PERPETUAL,158.86,buy,2.0
11837794,ETH-15148843,1586563257482,1,158.95,ETH-PERPETUAL,158.86,buy,1.0
11837795,ETH-15148844,1586563257482,1,158.95,ETH-PERPETUAL,158.86,buy,1105.0
11837796,ETH-15148845,1586563257484,1,158.95,ETH-PERPETUAL,158.86,buy,485.0
11837797,ETH-15148846,1586563257484,0,159.0,ETH-PERPETUAL,158.86,buy,5.0
11837798,ETH-15148847,1586563257484,1,159.0,ETH-PERPETUAL,158.86,buy,760.0
11837799,ETH-15148850,1586563257554,2,158.9,ETH-PERPETUAL,158.86,sell,600.0
11837800,ETH-15148851,1586563257554,3,158.9,ETH-PERPETUAL,158.86,sell,100.0
11837801,ETH-15148852,1586563257554,3,158.9,ETH-PERPETUAL,158.86,sell,200.0
11837802,ETH-15148853,1586563257554,3,158.9,ETH-PERPETUAL,158.86,sell,5.0
11837803,ETH-15148854,1586563258118,3,158.9,ETH-PERPETUAL,158.86,buy,100.0
11837804,ETH-15148855,1586563258118,0,158.95,ETH-PERPETUAL,158.86,buy,949.0
11837805,ETH-15148856,1586563258680,2,158.9,ETH-PERPETUAL,158.86,buy,1000.0
11837806,ETH-15148857,1586563258680,0,158.95,ETH-PERPETUAL,158.86,buy,250.0
11837807,ETH-15148858,1586563258680,1,158.95,ETH-PERPETUAL,158.86,buy,100.0
11837808,ETH-15148859,1586563258681,1,158.95,ETH-PERPETUAL,158.86,buy,168.0
11837809,ETH-15148862,1586563259055,2,158.9,ETH-PERPETUAL,158.87,sell,400.0
11837810,ETH-15148863,1586563259116,3,158.9,ETH-PERPETUAL,158.87,buy,27.0
11837811,ETH-15148864,1586563259205,3,158.9,ETH-PERPETUAL,158.87,buy,4.0
11837812,ETH-15148865,1586563260248,3,158.9,ETH-PERPETUAL,158.88,buy,1.0
11837813,ETH-15148866,1586563261539,3,158.9,ETH-PERPETUAL,158.89,buy,1.0
11837814,ETH-15148867,1586563261539,3,158.9,ETH-PERPETUAL,158.89,buy,899.0
11837815,ETH-15148868,1586563261541,3,158.9,ETH-PERPETUAL,158.89,buy,101.0
11837816,ETH-15148870,1586563261693,0,159.0,ETH-PERPETUAL,158.89,buy,1.0
11837817,ETH-15148871,1586563261693,1,159.0,ETH-PERPETUAL,158.89,buy,1.0
11837818,ETH-15148872,1586563261693,1,159.0,ETH-PERPETUAL,158.89,buy,800.0
11837819,ETH-15148873,1586563261693,1,159.0,ETH-PERPETUAL,158.89,buy,548.0
11837820,ETH-15148874,1586563262151,1,159.0,ETH-PERPETUAL,158.9,buy,5.0
11837821,ETH-15148875,1586563262151,1,159.0,ETH-PERPETUAL,158.9,buy,2.0
11837822,ETH-15148876,1586563262151,1,159.0,ETH-PERPETUAL,158.9,buy,1000.0
11837823,ETH-15148879,1586563262398,0,159.05,ETH-PERPETUAL,158.9,buy,1.0
11837824,ETH-15148880,1586563262398,1,159.05,ETH-PERPETUAL,158.9,buy,1.0
11837825,ETH-15148881,1586563262398,1,159.05,ETH-PERPETUAL,158.9,buy,1000.0
11837826,ETH-15148882,1586563262398,0,159.1,ETH-PERPETUAL,158.9,buy,1.0
11837827,ETH-15148883,1586563262398,1,159.1,ETH-PERPETUAL,158.9,buy,1.0
11837828,ETH-15148884,1586563262398,1,159.1,ETH-PERPETUAL,158.9,buy,246.0
11837829,ETH-15148886,1586563262822,2,159.0,ETH-PERPETUAL,158.9,sell,1839.0
11837830,ETH-15148887,1586563263132,0,159.1,ETH-PERPETUAL,158.95,buy,60.0
11837831,ETH-15148888,1586563263745,1,159.1,ETH-PERPETUAL,158.95,buy,1250.0
11837832,ETH-15148889,1586563263786,2,159.05,ETH-PERPETUAL,158.95,sell,1900.0
11837833,ETH-15148890,1586563263786,2,159.0,ETH-PERPETUAL,158.95,sell,461.0
11837834,ETH-15148891,1586563263786,3,159.0,ETH-PERPETUAL,158.95,sell,1639.0
11837835,ETH-15148892,1586563272727,2,158.9,ETH-PERPETUAL,159.0,sell,137.0
11837836,ETH-15148893,1586563272727,3,158.9,ETH-PERPETUAL,159.0,sell,5.0
11837837,ETH-15148894,1586563274145,2,158.85,ETH-PERPETUAL,158.95,sell,20.0
11837838,ETH-15148895,1586563274145,3,158.85,ETH-PERPETUAL,158.95,sell,50.0
11837839,ETH-15148896,1586563280082,2,158.7,ETH-PERPETUAL,158.83,sell,10.0
11837840,ETH-15148897,1586563280082,3,158.7,ETH-PERPETUAL,158.83,sell,1.0
11837841,ETH-15148899,1586563282214,0,158.75,ETH-PERPETUAL,158.82,buy,200.0
11837842,ETH-15148900,1586563282214,1,158.75,ETH-PERPETUAL,158.82,buy,100.0
11837843,ETH-15148901,1586563282214,1,158.75,ETH-PERPETUAL,158.82,buy,700.0
11837844,ETH-15148902,1586563289638,1,158.75,ETH-PERPETUAL,158.78,buy,300.0
11837845,ETH-15148903,1586563289638,1,158.75,ETH-PERPETUAL,158.78,buy,100.0
11837846,ETH-15148904,1586563289639,1,158.75,ETH-PERPETUAL,158.78,buy,43.0
11837847,ETH-15148905,1586563289639,1,158.75,ETH-PERPETUAL,158.78,buy,1.0
11837848,ETH-15148908,1586563290749,0,158.8,ETH-PERPETUAL,158.81,buy,1.0
11837849,ETH-15148909,1586563291953,0,158.85,ETH-PERPETUAL,158.85,buy,1.0
11837850,ETH-15148910,1586563291953,1,158.85,ETH-PERPETUAL,158.85,buy,1599.0
11837851,ETH-15148911,1586563291954,1,158.85,ETH-PERPETUAL,158.85,buy,1400.0
11837852,ETH-15148912,1586563291955,1,158.85,ETH-PERPETUAL,158.85,buy,3000.0
11837853,ETH-15148913,1586563291956,1,158.85,ETH-PERPETUAL,158.85,buy,8900.0
11837854,ETH-15148914,1586563291969,1,158.85,ETH-PERPETUAL,158.85,buy,937.0
11837855,ETH-15148915,1586563291971,1,158.85,ETH-PERPETUAL,158.85,buy,1800.0
11837856,ETH-15148916,1586563291973,1,158.85,ETH-PERPETUAL,158.85,buy,1000.0
11837857,ETH-15148917,1586563292067,1,158.85,ETH-PERPETUAL,158.85,buy,100.0
11837858,ETH-15148918,1586563292466,0,158.9,ETH-PERPETUAL,158.87,buy,1.0
11837859,ETH-15148919,1586563292466,1,158.9,ETH-PERPETUAL,158.87,buy,199.0
11837860,ETH-15148920,1586563303919,1,158.9,ETH-PERPETUAL,159.01,sell,100.0
11837861,ETH-15148921,1586563303919,1,158.9,ETH-PERPETUAL,159.01,sell,137.0
11837862,ETH-15148922,1586563318206,2,158.8,ETH-PERPETUAL,158.89,buy,20.0
11837863,ETH-15148923,1586563318208,3,158.8,ETH-PERPETUAL,158.89,buy,60.0
11837864,ETH-15148924,1586563328309,2,158.75,ETH-PERPETUAL,158.88,sell,10.0
11837865,ETH-15148925,1586563328309,3,158.75,ETH-PERPETUAL,158.88,sell,1.0
11837866,ETH-15148926,1586563328309,3,158.75,ETH-PERPETUAL,158.88,sell,200.0
11837867,ETH-15148927,1586563328309,3,158.75,ETH-PERPETUAL,158.88,sell,619.0
11837868,ETH-15148928,1586563328508,2,158.7,ETH-PERPETUAL,158.88,sell,1.0
11837869,ETH-15148929,1586563328508,3,158.7,ETH-PERPETUAL,158.88,sell,10.0
11837870,ETH-15148930,1586563329685,3,158.7,ETH-PERPETUAL,158.84,sell,618.0
11837871,ETH-15148931,1586563348214,0,158.9,ETH-PERPETUAL,158.99,buy,1.0
11837872,ETH-15148932,1586563384900,2,158.85,ETH-PERPETUAL,158.99,sell,1.0
11837873,ETH-15148933,1586563384902,3,158.85,ETH-PERPETUAL,158.99,sell,19.0
11837874,ETH-15148934,1586563384902,3,158.85,ETH-PERPETUAL,158.99,sell,50.0
11837875,ETH-15148935,1586563413014,2,158.75,ETH-PERPETUAL,158.94,sell,254.0
11837876,ETH-15148936,1586563425011,2,158.65,ETH-PERPETUAL,158.85,sell,500.0
11837877,ETH-15148937,1586563440109,0,158.7,ETH-PERPETUAL,158.8,buy,1000.0
11837878,ETH-15148939,1586563455419,2,158.65,ETH-PERPETUAL,158.8,sell,1.0
11837879,ETH-15148940,1586563455419,3,158.65,ETH-PERPETUAL,158.8,sell,200.0
11837880,ETH-15148941,1586563455419,3,158.65,ETH-PERPETUAL,158.8,sell,200.0
11837881,ETH-15148942,1586563455419,3,158.65,ETH-PERPETUAL,158.8,sell,100.0
11837882,ETH-15148943,1586563455419,3,158.65,ETH-PERPETUAL,158.8,sell,100.0
11837883,ETH-15148944,1586563455419,3,158.65,ETH-PERPETUAL,158.8,sell,99.0
11837884,ETH-15148947,1586563472054,0,158.7,ETH-PERPETUAL,158.84,buy,1000.0
11837885,ETH-15148949,1586563498776,2,158.65,ETH-PERPETUAL,158.82,buy,110.0
11837886,ETH-15148950,1586563498912,3,158.65,ETH-PERPETUAL,158.82,buy,50.0
11837887,ETH-15148951,1586563514347,2,158.6,ETH-PERPETUAL,158.77,sell,1.0
11837888,ETH-15148952,1586563514347,3,158.6,ETH-PERPETUAL,158.77,sell,420.0
11837889,ETH-15148954,1586563515223,2,158.55,ETH-PERPETUAL,158.76,sell,1.0
11837890,ETH-15148955,1586563515223,3,158.55,ETH-PERPETUAL,158.76,sell,99.0
11837891,ETH-15148956,1586563515224,3,158.55,ETH-PERPETUAL,158.76,sell,100.0
11837892,ETH-15148957,1586563515225,3,158.55,ETH-PERPETUAL,158.76,sell,221.0
11837893,ETH-15148958,1586563516665,3,158.55,ETH-PERPETUAL,158.71,buy,100.0
11837894,ETH-15148959,1586563519171,3,158.55,ETH-PERPETUAL,158.69,buy,121.0
11837895,ETH-15148960,1586563519171,3,158.55,ETH-PERPETUAL,158.69,buy,879.0
11837896,ETH-15148961,1586563522687,3,158.55,ETH-PERPETUAL,158.69,buy,11.0
11837897,ETH-15148962,1586563527808,3,158.55,ETH-PERPETUAL,158.69,buy,110.0
11837898,ETH-15148963,1586563527808,3,158.55,ETH-PERPETUAL,158.69,buy,100.0
11837899,ETH-15148964,1586563527808,3,158.55,ETH-PERPETUAL,158.69,buy,5.0
11837900,ETH-15148965,1586563527808,3,158.55,ETH-PERPETUAL,158.69,buy,1000.0
11837901,ETH-15148966,1586563527808,3,158.55,ETH-PERPETUAL,158.69,buy,53.0
11837902,ETH-15148969,1586563528142,0,158.6,ETH-PERPETUAL,158.69,buy,974.0
11837903,ETH-15148970,1586563528338,1,158.6,ETH-PERPETUAL,158.69,buy,26.0
11837904,ETH-15148971,1586563528338,1,158.6,ETH-PERPETUAL,158.69,buy,26.0
11837905,ETH-15148973,1586563528404,1,158.6,ETH-PERPETUAL,158.69,buy,974.0
11837906,ETH-15148977,1586563534601,0,158.65,ETH-PERPETUAL,158.8,buy,47.0
11837907,ETH-15148978,1586563544674,1,158.65,ETH-PERPETUAL,158.74,buy,4.0
11837908,ETH-15148979,1586563544674,1,158.65,ETH-PERPETUAL,158.74,buy,1600.0
11837909,ETH-15148980,1586563544674,1,158.65,ETH-PERPETUAL,158.74,buy,200.0
11837910,ETH-15148981,1586563544674,1,158.65,ETH-PERPETUAL,158.74,buy,645.0
11837911,ETH-15148982,1586563552581,1,158.65,ETH-PERPETUAL,158.78,buy,41.0
11837912,ETH-15148983,1586563552581,1,158.65,ETH-PERPETUAL,158.78,buy,3.0
11837913,ETH-15148984,1586563563080,0,158.7,ETH-PERPETUAL,158.83,buy,3.0
11837914,ETH-15148985,1586563563080,1,158.7,ETH-PERPETUAL,158.83,buy,37.0
11837915,ETH-15148987,1586563605616,0,158.75,ETH-PERPETUAL,158.85,buy,1.0
11837916,ETH-15148988,1586563605616,1,158.75,ETH-PERPETUAL,158.85,buy,30.0
11837917,ETH-15148989,1586563605616,1,158.75,ETH-PERPETUAL,158.85,buy,1.0
11837918,ETH-15148990,1586563605616,1,158.75,ETH-PERPETUAL,158.85,buy,1000.0
11837919,ETH-15148991,1586563605616,1,158.75,ETH-PERPETUAL,158.85,buy,1.0
11837920,ETH-15148992,1586563605616,1,158.75,ETH-PERPETUAL,158.85,buy,8.0
11837921,ETH-15148994,1586563606342,0,158.8,ETH-PERPETUAL,158.88,sell,200.0
11837922,ETH-15148995,1586563606342,1,158.8,ETH-PERPETUAL,158.88,sell,100.0
11837923,ETH-15148996,1586563621068,2,158.75,ETH-PERPETUAL,158.86,buy,40.0
11837924,ETH-15148997,1586563627010,2,158.7,ETH-PERPETUAL,158.81,sell,1.0
11837925,ETH-15148998,1586563640960,2,158.65,ETH-PERPETUAL,158.77,sell,1.0
11837926,ETH-15148999,1586563644339,3,158.65,ETH-PERPETUAL,158.76,buy,100.0
11837927,ETH-15149000,1586563644339,3,158.65,ETH-PERPETUAL,158.76,buy,200.0
11837928,ETH-15149001,1586563644339,3,158.65,ETH-PERPETUAL,158.76,buy,200.0
11837929,ETH-15149002,1586563646643,3,158.65,ETH-PERPETUAL,158.77,buy,198.0
11837930,ETH-15149003,1586563723082,2,158.6,ETH-PERPETUAL,158.76,sell,60.0
11837931,ETH-15149004,1586563723082,3,158.6,ETH-PERPETUAL,158.76,sell,1.0
11837932,ETH-15149005,1586563723082,3,158.6,ETH-PERPETUAL,158.76,sell,24.0
11837933,ETH-15149006,1586563723082,3,158.6,ETH-PERPETUAL,158.76,sell,15.0
11837934,ETH-15149007,1586563727454,3,158.6,ETH-PERPETUAL,158.75,sell,5.0
11837935,ETH-15149008,1586563727454,3,158.6,ETH-PERPETUAL,158.75,sell,50.0
11837936,ETH-15149009,1586563728463,2,158.55,ETH-PERPETUAL,158.74,sell,1.0
11837937,ETH-15149010,1586563742604,0,158.65,ETH-PERPETUAL,158.74,buy,56.0
11837938,ETH-15149011,1586563742617,1,158.65,ETH-PERPETUAL,158.74,buy,101.0
11837939,ETH-15149012,1586563742626,1,158.65,ETH-PERPETUAL,158.74,buy,445.0
11837940,ETH-15149013,1586563742626,1,158.65,ETH-PERPETUAL,158.74,buy,6.0
11837941,ETH-15149014,1586563742626,1,158.65,ETH-PERPETUAL,158.74,buy,1.0
11837942,ETH-15149015,1586563742626,1,158.65,ETH-PERPETUAL,158.74,buy,1.0
11837943,ETH-15149016,1586563742626,1,158.65,ETH-PERPETUAL,158.74,buy,50.0
11837944,ETH-15149020,1586563743623,0,158.7,ETH-PERPETUAL,158.77,buy,10.0
11837945,ETH-15149021,1586563804649,1,158.7,ETH-PERPETUAL,158.81,buy,990.0
11837946,ETH-15149022,1586563804649,1,158.7,ETH-PERPETUAL,158.81,buy,19.0
11837947,ETH-15149023,1586563804649,1,158.7,ETH-PERPETUAL,158.81,buy,1.0
11837948,ETH-15149024,1586563804649,1,158.7,ETH-PERPETUAL,158.81,buy,980.0
11837949,ETH-15149025,1586563804649,1,158.7,ETH-PERPETUAL,158.81,buy,1.0
11837950,ETH-15149028,1586563804963,0,158.75,ETH-PERPETUAL,158.82,buy,1.0
11837951,ETH-15149029,1586563804963,1,158.75,ETH-PERPETUAL,158.82,buy,305.0
11837952,ETH-15149030,1586563805422,1,158.75,ETH-PERPETUAL,158.82,buy,695.0
11837953,ETH-15149032,1586563822293,0,158.8,ETH-PERPETUAL,158.97,buy,2.0
11837954,ETH-15149033,1586563822293,1,158.8,ETH-PERPETUAL,158.97,buy,506.0
11837955,ETH-15149034,1586563826910,1,158.8,ETH-PERPETUAL,158.98,buy,26.0
11837956,ETH-15149035,1586563826910,1,158.8,ETH-PERPETUAL,158.98,buy,1.0
11837957,ETH-15149036,1586563826910,1,158.8,ETH-PERPETUAL,158.98,buy,1.0
11837958,ETH-15149037,1586563826910,0,158.85,ETH-PERPETUAL,158.98,buy,1.0
11837959,ETH-15149038,1586563826910,0,158.9,ETH-PERPETUAL,158.98,buy,770.0
11837960,ETH-15149039,1586563826910,0,158.95,ETH-PERPETUAL,158.98,buy,1.0
11837961,ETH-15149040,1586563826910,1,158.95,ETH-PERPETUAL,158.98,buy,230.0
11837962,ETH-15149041,1586563833891,2,158.85,ETH-PERPETUAL,159.0,sell,200.0
11837963,ETH-15149042,1586563833891,3,158.85,ETH-PERPETUAL,159.0,sell,100.0
11837964,ETH-15149043,1586563833891,3,158.85,ETH-PERPETUAL,159.0,sell,479.0
11837965,ETH-15149044,1586563834063,3,158.85,ETH-PERPETUAL,159.0,sell,140.0
11837966,ETH-15149047,1586563862701,3,158.85,ETH-PERPETUAL,158.98,buy,1000.0
11837967,ETH-15149048,1586563862701,3,158.85,ETH-PERPETUAL,158.98,buy,26.0
11837968,ETH-15149049,1586563862701,3,158.85,ETH-PERPETUAL,158.98,buy,2.0
11837969,ETH-15149050,1586563862701,3,158.85,ETH-PERPETUAL,158.98,buy,2.0
11837970,ETH-15149053,1586563865681,3,158.85,ETH-PERPETUAL,158.99,sell,1.0
11837971,ETH-15149054,1586563876624,2,158.8,ETH-PERPETUAL,158.94,sell,2000.0
11837972,ETH-15149055,1586563877303,3,158.8,ETH-PERPETUAL,158.93,sell,140.0
11837973,ETH-15149056,1586563877303,3,158.8,ETH-PERPETUAL,158.93,sell,50.0
11837974,ETH-15149057,1586563877303,3,158.8,ETH-PERPETUAL,158.93,sell,70.0
11837975,ETH-15149058,1586563877303,3,158.8,ETH-PERPETUAL,158.93,sell,1.0
11837976,ETH-15149059,1586563905793,2,158.75,ETH-PERPETUAL,158.94,sell,420.0
11837977,ETH-15149060,1586563912154,3,158.75,ETH-PERPETUAL,158.94,sell,1819.0
11837978,ETH-15149061,1586563912167,3,158.75,ETH-PERPETUAL,158.94,sell,800.0
11837979,ETH-15149062,1586563912168,3,158.75,ETH-PERPETUAL,158.94,sell,1800.0
11837980,ETH-15149063,1586563912188,3,158.75,ETH-PERPETUAL,158.94,sell,100.0
11837981,ETH-15149064,1586563912200,3,158.75,ETH-PERPETUAL,158.94,sell,100.0
11837982,ETH-15149065,1586563912201,3,158.75,ETH-PERPETUAL,158.94,sell,5800.0
11837983,ETH-15149066,1586563912202,3,158.75,ETH-PERPETUAL,158.94,sell,700.0
11837984,ETH-15149067,1586563912204,3,158.75,ETH-PERPETUAL,158.94,sell,461.0
11837985,ETH-15149068,1586563912204,3,158.75,ETH-PERPETUAL,158.94,sell,130.0
11837986,ETH-15149069,1586563912204,3,158.75,ETH-PERPETUAL,158.94,sell,1.0
11837987,ETH-15149070,1586563912204,3,158.75,ETH-PERPETUAL,158.94,sell,60.0
11837988,ETH-15149073,1586563947260,2,158.7,ETH-PERPETUAL,158.87,sell,1.0
11837989,ETH-15149074,1586563947260,3,158.7,ETH-PERPETUAL,158.87,sell,419.0
11837990,ETH-15149075,1586563950420,3,158.7,ETH-PERPETUAL,158.86,sell,500.0
11837991,ETH-15149076,1586563973171,0,158.75,ETH-PERPETUAL,158.85,buy,500.0
11837992,ETH-15149078,1586563984958,2,158.7,ETH-PERPETUAL,158.85,sell,40.0
11837993,ETH-15149079,1586563988719,2,158.65,ETH-PERPETUAL,158.84,sell,1.0
11837994,ETH-15149080,1586563988719,3,158.65,ETH-PERPETUAL,158.84,sell,50.0
11837995,ETH-15149081,1586563988719,3,158.65,ETH-PERPETUAL,158.84,sell,369.0
11837996,ETH-15149082,1586563991674,0,158.7,ETH-PERPETUAL,158.82,buy,200.0
11837997,ETH-15149083,1586563991674,1,158.7,ETH-PERPETUAL,158.82,buy,100.0
11837998,ETH-15149084,1586563991674,1,158.7,ETH-PERPETUAL,158.82,buy,1000.0
11837999,ETH-15149085,1586563991674,1,158.7,ETH-PERPETUAL,158.82,buy,1.0
11838000,ETH-15149086,1586563991674,1,158.7,ETH-PERPETUAL,158.82,buy,199.0
11838001,ETH-15149087,1586563991676,1,158.7,ETH-PERPETUAL,158.82,buy,223.0
11838002,ETH-15149088,1586563991687,1,158.7,ETH-PERPETUAL,158.82,buy,1700.0
11838003,ETH-15149089,1586563991689,1,158.7,ETH-PERPETUAL,158.82,buy,400.0
11838004,ETH-15149090,1586563991742,1,158.7,ETH-PERPETUAL,158.82,buy,1258.0
11838005,ETH-15149091,1586563991742,1,158.7,ETH-PERPETUAL,158.82,buy,1.0
11838006,ETH-15149093,1586563995404,0,158.75,ETH-PERPETUAL,158.89,buy,1.0
11838007,ETH-15149094,1586563995404,1,158.75,ETH-PERPETUAL,158.89,buy,740.0
11838008,ETH-15149095,1586563995431,1,158.75,ETH-PERPETUAL,158.89,buy,260.0
11838009,ETH-15149096,1586563995431,1,158.75,ETH-PERPETUAL,158.89,buy,1.0
11838010,ETH-15149098,1586564002953,0,158.85,ETH-PERPETUAL,158.94,buy,1.0
11838011,ETH-15149099,1586564002953,1,158.85,ETH-PERPETUAL,158.94,buy,2.0
11838012,ETH-15149100,1586564002953,1,158.85,ETH-PERPETUAL,158.94,buy,1000.0
11838013,ETH-15149101,1586564002953,1,158.85,ETH-PERPETUAL,158.94,buy,800.0
11838014,ETH-15149102,1586564002953,1,158.85,ETH-PERPETUAL,158.94,buy,1.0
11838015,ETH-15149103,1586564002953,1,158.85,ETH-PERPETUAL,158.94,buy,14.0
11838016,ETH-15149104,1586564002953,0,158.9,ETH-PERPETUAL,158.94,buy,162.0
11838017,ETH-15149105,1586564002953,1,158.9,ETH-PERPETUAL,158.94,buy,10.0
11838018,ETH-15149106,1586564002953,1,158.9,ETH-PERPETUAL,158.94,buy,128.0
11838019,ETH-15149107,1586564002953,0,158.95,ETH-PERPETUAL,158.94,buy,1244.0
11838020,ETH-15149109,1586564006145,2,158.85,ETH-PERPETUAL,158.98,sell,200.0
11838021,ETH-15149110,1586564006145,3,158.85,ETH-PERPETUAL,158.98,sell,100.0
11838022,ETH-15149111,1586564006145,3,158.85,ETH-PERPETUAL,158.98,sell,127.0
11838023,ETH-15149112,1586564006145,3,158.85,ETH-PERPETUAL,158.98,sell,1.0
11838024,ETH-15149113,1586564006199,3,158.85,ETH-PERPETUAL,158.98,sell,126.0
11838025,ETH-15149114,1586564022126,3,158.85,ETH-PERPETUAL,158.95,buy,10.0
11838026,ETH-15149115,1586564022126,3,158.85,ETH-PERPETUAL,158.95,buy,1400.0
11838027,ETH-15149116,1586564022126,3,158.85,ETH-PERPETUAL,158.95,buy,1000.0
11838028,ETH-15149117,1586564022126,3,158.85,ETH-PERPETUAL,158.95,buy,200.0
11838029,ETH-15149118,1586564022126,3,158.85,ETH-PERPETUAL,158.95,buy,1.0
11838030,ETH-15149119,1586564022126,3,158.85,ETH-PERPETUAL,158.95,buy,100.0
11838031,ETH-15149120,1586564022126,0,158.9,ETH-PERPETUAL,158.95,buy,1.0
11838032,ETH-15149121,1586564022126,0,158.95,ETH-PERPETUAL,158.95,buy,1.0
11838033,ETH-15149122,1586564022126,1,158.95,ETH-PERPETUAL,158.95,buy,2287.0
11838034,ETH-15149126,1586564026345,2,158.9,ETH-PERPETUAL,158.95,buy,1.0
11838035,ETH-15149127,1586564026345,3,158.9,ETH-PERPETUAL,158.95,buy,59.0
11838036,ETH-15149128,1586564043209,2,158.85,ETH-PERPETUAL,158.96,sell,1.0
11838037,ETH-15149129,1586564049532,3,158.85,ETH-PERPETUAL,158.95,buy,1.0
11838038,ETH-15149130,1586564049534,3,158.85,ETH-PERPETUAL,158.95,buy,999.0
11838039,ETH-15149131,1586564049534,3,158.85,ETH-PERPETUAL,158.95,buy,1.0
11838040,ETH-15149133,1586564076169,0,158.9,ETH-PERPETUAL,159.06,buy,12.0
11838041,ETH-15149134,1586564076169,1,158.9,ETH-PERPETUAL,159.06,buy,1.0
11838042,ETH-15149135,1586564076169,1,158.9,ETH-PERPETUAL,159.06,buy,1.0
11838043,ETH-15149136,1586564076169,1,158.9,ETH-PERPETUAL,159.06,buy,2.0
11838044,ETH-15149137,1586564076169,1,158.9,ETH-PERPETUAL,159.06,buy,484.0
11838045,ETH-15149138,1586564076875,1,158.9,ETH-PERPETUAL,159.06,buy,516.0
11838046,ETH-15149141,1586564076973,0,158.95,ETH-PERPETUAL,159.06,buy,1.0
11838047,ETH-15149142,1586564076973,1,158.95,ETH-PERPETUAL,159.06,buy,1.0
11838048,ETH-15149143,1586564077369,0,159.0,ETH-PERPETUAL,159.06,buy,770.0
11838049,ETH-15149144,1586564077369,1,159.0,ETH-PERPETUAL,159.06,buy,1.0
11838050,ETH-15149145,1586564085684,1,159.0,ETH-PERPETUAL,159.15,buy,5.0
11838051,ETH-15149146,1586564085684,1,159.0,ETH-PERPETUAL,159.15,buy,1000.0
11838052,ETH-15149147,1586564085684,1,159.0,ETH-PERPETUAL,159.15,buy,1.0
11838053,ETH-15149148,1586564085684,1,159.0,ETH-PERPETUAL,159.15,buy,14.0
11838054,ETH-15149151,1586564104192,1,159.0,ETH-PERPETUAL,159.14,buy,100.0
11838055,ETH-15149153,1586564147884,2,158.95,ETH-PERPETUAL,159.17,sell,40.0
11838056,ETH-15149154,1586564147884,3,158.95,ETH-PERPETUAL,159.17,sell,110.0
11838057,ETH-15149155,1586564168089,3,158.95,ETH-PERPETUAL,159.08,buy,150.0
11838058,ETH-15149156,1586564170013,3,158.95,ETH-PERPETUAL,159.11,buy,375.0
11838059,ETH-15149157,1586564171172,3,158.95,ETH-PERPETUAL,159.11,buy,475.0
11838060,ETH-15149158,1586564171172,3,158.95,ETH-PERPETUAL,159.11,buy,1.0
11838061,ETH-15149159,1586564171172,3,158.95,ETH-PERPETUAL,159.11,buy,19.0
11838062,ETH-15149160,1586564171172,3,158.95,ETH-PERPETUAL,159.11,buy,2.0
11838063,ETH-15149164,1586564181937,0,159.05,ETH-PERPETUAL,159.15,buy,1.0
11838064,ETH-15149165,1586564181937,1,159.05,ETH-PERPETUAL,159.15,buy,1.0
11838065,ETH-15149166,1586564181937,1,159.05,ETH-PERPETUAL,159.15,buy,498.0
11838066,ETH-15149167,1586564183766,2,159.0,ETH-PERPETUAL,159.15,sell,100.0
11838067,ETH-15149168,1586564183766,3,159.0,ETH-PERPETUAL,159.15,sell,100.0
11838068,ETH-15149169,1586564183766,3,159.0,ETH-PERPETUAL,159.15,sell,300.0
11838069,ETH-15149170,1586564201434,0,159.05,ETH-PERPETUAL,159.19,buy,1000.0
11838070,ETH-15149171,1586564201434,1,159.05,ETH-PERPETUAL,159.19,buy,1.0
11838071,ETH-15149172,1586564201434,1,159.05,ETH-PERPETUAL,159.19,buy,22.0
11838072,ETH-15149173,1586564201434,1,159.05,ETH-PERPETUAL,159.19,buy,1.0
11838073,ETH-15149176,1586564203840,0,159.1,ETH-PERPETUAL,159.22,buy,1.0
11838074,ETH-15149177,1586564203955,0,159.15,ETH-PERPETUAL,159.22,buy,1.0
11838075,ETH-15149178,1586564203955,1,159.15,ETH-PERPETUAL,159.22,buy,1.0
11838076,ETH-15149180,1586564204394,0,159.2,ETH-PERPETUAL,159.22,buy,100.0
11838077,ETH-15149181,1586564204394,1,159.2,ETH-PERPETUAL,159.22,buy,6.0
11838078,ETH-15149182,1586564204394,1,159.2,ETH-PERPETUAL,159.22,buy,770.0
11838079,ETH-15149183,1586564204394,1,159.2,ETH-PERPETUAL,159.22,buy,1.0
11838080,ETH-15149184,1586564204401,0,159.25,ETH-PERPETUAL,159.22,buy,1.0
11838081,ETH-15149185,1586564204401,1,159.25,ETH-PERPETUAL,159.22,buy,1.0
11838082,ETH-15149186,1586564204401,1,159.25,ETH-PERPETUAL,159.22,buy,20.0
11838083,ETH-15149187,1586564204401,0,159.3,ETH-PERPETUAL,159.22,buy,1.0
11838084,ETH-15149188,1586564204401,1,159.3,ETH-PERPETUAL,159.22,buy,677.0
11838085,ETH-15149189,1586564206262,2,159.25,ETH-PERPETUAL,159.29,sell,5.0
11838086,ETH-15149190,1586564206262,3,159.25,ETH-PERPETUAL,159.29,sell,495.0
11838087,ETH-15149191,1586564206874,3,159.25,ETH-PERPETUAL,159.32,sell,200.0
11838088,ETH-15149193,1586564213529,3,159.25,ETH-PERPETUAL,159.35,buy,41.0
11838089,ETH-15149194,1586564213529,3,159.25,ETH-PERPETUAL,159.35,buy,1.0
11838090,ETH-15149195,1586564213529,3,159.25,ETH-PERPETUAL,159.35,buy,158.0
11838091,ETH-15149196,1586564213531,3,159.25,ETH-PERPETUAL,159.35,buy,471.0
11838092,ETH-15149197,1586564223512,3,159.25,ETH-PERPETUAL,159.39,sell,5.0
11838093,ETH-15149198,1586564223512,3,159.25,ETH-PERPETUAL,159.39,sell,495.0
11838094,ETH-15149199,1586564227366,0,159.3,ETH-PERPETUAL,159.39,buy,34.0
11838095,ETH-15149200,1586564227366,1,159.3,ETH-PERPETUAL,159.39,buy,783.0
11838096,ETH-15149201,1586564228843,1,159.3,ETH-PERPETUAL,159.39,buy,433.0
11838097,ETH-15149202,1586564236681,2,159.2,ETH-PERPETUAL,159.39,sell,50.0
11838098,ETH-15149203,1586564236681,3,159.2,ETH-PERPETUAL,159.39,sell,50.0
11838099,ETH-15149204,1586564236681,3,159.2,ETH-PERPETUAL,159.39,sell,1900.0
11838100,ETH-15149205,1586564236694,3,159.2,ETH-PERPETUAL,159.39,sell,1706.0
11838101,ETH-15149206,1586564236695,3,159.2,ETH-PERPETUAL,159.39,sell,2200.0
11838102,ETH-15149207,1586564236696,3,159.2,ETH-PERPETUAL,159.39,sell,100.0
11838103,ETH-15149208,1586564236697,3,159.2,ETH-PERPETUAL,159.39,sell,1175.0
11838104,ETH-15149212,1586564245723,2,159.15,ETH-PERPETUAL,159.27,buy,12.0
11838105,ETH-15149213,1586564245723,3,159.15,ETH-PERPETUAL,159.27,buy,1.0
11838106,ETH-15149217,1586564273364,2,159.1,ETH-PERPETUAL,159.2,sell,24.0
11838107,ETH-15149218,1586564273364,3,159.1,ETH-PERPETUAL,159.2,sell,60.0
11838108,ETH-15149223,1586564280077,2,159.0,ETH-PERPETUAL,159.11,sell,1.0
11838109,ETH-15149228,1586564302152,2,158.95,ETH-PERPETUAL,159.12,sell,20.0
11838110,ETH-15149229,1586564302152,3,158.95,ETH-PERPETUAL,159.12,sell,1.0
11838111,ETH-15149230,1586564304096,3,158.95,ETH-PERPETUAL,159.1,buy,200.0
11838112,ETH-15149231,1586564304096,3,158.95,ETH-PERPETUAL,159.1,buy,100.0
11838113,ETH-15149232,1586564304096,3,158.95,ETH-PERPETUAL,159.1,buy,200.0
11838114,ETH-15149233,1586564304468,3,158.95,ETH-PERPETUAL,159.09,buy,1.0
11838115,ETH-15149234,1586564307630,3,158.95,ETH-PERPETUAL,159.07,sell,5.0
11838116,ETH-15149235,1586564326582,3,158.95,ETH-PERPETUAL,159.04,buy,1.0
11838117,ETH-15149236,1586564326582,3,158.95,ETH-PERPETUAL,159.04,buy,1.0
11838118,ETH-15149237,1586564326582,3,158.95,ETH-PERPETUAL,159.04,buy,1.0
11838119,ETH-15149238,1586564326582,3,158.95,ETH-PERPETUAL,159.04,buy,1.0
11838120,ETH-15149239,1586564332819,0,159.05,ETH-PERPETUAL,159.09,buy,2.0
11838121,ETH-15149240,1586564332819,1,159.05,ETH-PERPETUAL,159.09,buy,12.0
11838122,ETH-15149241,1586564342134,0,159.1,ETH-PERPETUAL,159.2,sell,100.0
11838123,ETH-15149242,1586564342134,1,159.1,ETH-PERPETUAL,159.2,sell,200.0
11838124,ETH-15149243,1586564354011,2,159.05,ETH-PERPETUAL,159.17,sell,20.0
11838125,ETH-15149244,1586564354011,3,159.05,ETH-PERPETUAL,159.17,sell,24.0
11838126,ETH-15149245,1586564358117,2,159.0,ETH-PERPETUAL,159.15,buy,5.0
11838127,ETH-15149246,1586564358117,3,159.0,ETH-PERPETUAL,159.15,buy,100.0
11838128,ETH-15149247,1586564358117,3,159.0,ETH-PERPETUAL,159.15,buy,200.0
11838129,ETH-15149248,1586564358117,3,159.0,ETH-PERPETUAL,159.15,buy,1.0
11838130,ETH-15149249,1586564365852,3,159.0,ETH-PERPETUAL,159.14,sell,1.0
11838131,ETH-15149250,1586564379261,2,158.95,ETH-PERPETUAL,159.11,sell,5.0
11838132,ETH-15149251,1586564379261,3,158.95,ETH-PERPETUAL,159.11,sell,1.0
11838133,ETH-15149252,1586564379261,3,158.95,ETH-PERPETUAL,159.11,sell,2.0
11838134,ETH-15149253,1586564383168,3,158.95,ETH-PERPETUAL,159.07,sell,4.0
11838135,ETH-15149254,1586564385362,2,158.9,ETH-PERPETUAL,159.07,sell,4.0
11838136,ETH-15149255,1586564385775,0,158.95,ETH-PERPETUAL,159.06,sell,1.0
11838137,ETH-15149256,1586564385887,1,158.95,ETH-PERPETUAL,159.06,sell,4.0
11838138,ETH-15149258,1586564391502,2,158.9,ETH-PERPETUAL,159.04,sell,1.0
11838139,ETH-15149259,1586564391502,3,158.9,ETH-PERPETUAL,159.04,sell,100.0
11838140,ETH-15149260,1586564391502,3,158.9,ETH-PERPETUAL,159.04,sell,2.0
11838141,ETH-15149261,1586564396337,3,158.9,ETH-PERPETUAL,159.0,buy,500.0
11838142,ETH-15149262,1586564399686,2,158.85,ETH-PERPETUAL,159.0,sell,1.0
11838143,ETH-15149263,1586564399686,3,158.85,ETH-PERPETUAL,159.0,sell,349.0
11838144,ETH-15149264,1586564427668,3,158.85,ETH-PERPETUAL,158.99,sell,6.0
11838145,ETH-15149265,1586564427668,3,158.85,ETH-PERPETUAL,158.99,sell,94.0
11838146,ETH-15149266,1586564427670,3,158.85,ETH-PERPETUAL,158.99,sell,113.0
11838147,ETH-15149267,1586564427670,3,158.85,ETH-PERPETUAL,158.99,sell,1.0
11838148,ETH-15149268,1586564427967,2,158.8,ETH-PERPETUAL,158.99,sell,1.0
11838149,ETH-15149269,1586564427967,3,158.8,ETH-PERPETUAL,158.99,sell,20.0
11838150,ETH-15149272,1586564436468,2,158.75,ETH-PERPETUAL,158.88,sell,1.0
11838151,ETH-15149273,1586564436468,3,158.75,ETH-PERPETUAL,158.88,sell,1.0
11838152,ETH-15149274,1586564436468,3,158.75,ETH-PERPETUAL,158.88,sell,15.0
11838153,ETH-15149275,1586564441104,2,158.7,ETH-PERPETUAL,158.86,sell,1.0
11838154,ETH-15149276,1586564441442,3,158.7,ETH-PERPETUAL,158.84,buy,500.0
11838155,ETH-15149277,1586564449461,2,158.65,ETH-PERPETUAL,158.77,sell,1.0
11838156,ETH-15149278,1586564449461,3,158.65,ETH-PERPETUAL,158.77,sell,1.0
11838157,ETH-15149279,1586564449461,3,158.65,ETH-PERPETUAL,158.77,sell,60.0
11838158,ETH-15149280,1586564449461,3,158.65,ETH-PERPETUAL,158.77,sell,21.0
11838159,ETH-15149281,1586564451004,3,158.65,ETH-PERPETUAL,158.75,sell,22.0
11838160,ETH-15149282,1586564452606,2,158.6,ETH-PERPETUAL,158.74,sell,8.0
11838161,ETH-15149283,1586564452606,3,158.6,ETH-PERPETUAL,158.74,sell,3285.0
11838162,ETH-15149284,1586564452711,3,158.6,ETH-PERPETUAL,158.74,sell,780.0
11838163,ETH-15149285,1586564464718,3,158.6,ETH-PERPETUAL,158.69,sell,1.0
11838164,ETH-15149286,1586564464718,3,158.6,ETH-PERPETUAL,158.69,sell,18.0
11838165,ETH-15149287,1586564464718,3,158.6,ETH-PERPETUAL,158.69,sell,2.0
11838166,ETH-15149290,1586564468892,3,158.6,ETH-PERPETUAL,158.68,sell,21.0
11838167,ETH-15149291,1586564469538,2,158.55,ETH-PERPETUAL,158.69,sell,1.0
11838168,ETH-15149292,1586564469538,3,158.55,ETH-PERPETUAL,158.69,sell,20.0
11838169,ETH-15149293,1586564471882,3,158.55,ETH-PERPETUAL,158.66,sell,19.0
11838170,ETH-15149294,1586564479775,3,158.55,ETH-PERPETUAL,158.61,buy,500.0
11838171,ETH-15149295,1586564482818,2,158.5,ETH-PERPETUAL,158.6,sell,1.0
11838172,ETH-15149296,1586564482818,3,158.5,ETH-PERPETUAL,158.6,sell,21.0
11838173,ETH-15149297,1586564482818,3,158.5,ETH-PERPETUAL,158.6,sell,2.0
11838174,ETH-15149298,1586564482818,3,158.5,ETH-PERPETUAL,158.6,sell,26.0
11838175,ETH-15149299,1586564484642,0,158.55,ETH-PERPETUAL,158.63,buy,640.0
11838176,ETH-15149300,1586564484642,1,158.55,ETH-PERPETUAL,158.63,buy,1.0
11838177,ETH-15149301,1586564496493,0,158.6,ETH-PERPETUAL,158.69,sell,8.0
11838178,ETH-15149302,1586564496493,1,158.6,ETH-PERPETUAL,158.69,sell,1.0
11838179,ETH-15149303,1586564504065,2,158.55,ETH-PERPETUAL,158.65,sell,1.0
11838180,ETH-15149304,1586564504065,3,158.55,ETH-PERPETUAL,158.65,sell,15.0
11838181,ETH-15149305,1586564505370,2,158.5,ETH-PERPETUAL,158.64,sell,1.0
11838182,ETH-15149306,1586564505370,3,158.5,ETH-PERPETUAL,158.64,sell,639.0
11838183,ETH-15149307,1586564512100,3,158.5,ETH-PERPETUAL,158.62,sell,1.0
11838184,ETH-15149309,1586564512423,2,158.45,ETH-PERPETUAL,158.62,sell,1.0
11838185,ETH-15149310,1586564512423,3,158.45,ETH-PERPETUAL,158.62,sell,1.0
11838186,ETH-15149311,1586564512423,3,158.45,ETH-PERPETUAL,158.62,sell,50.0
11838187,ETH-15149312,1586564515893,0,158.5,ETH-PERPETUAL,158.55,buy,109.0
11838188,ETH-15149313,1586564515893,1,158.5,ETH-PERPETUAL,158.55,buy,10.0
11838189,ETH-15149314,1586564515893,1,158.5,ETH-PERPETUAL,158.55,buy,381.0
11838190,ETH-15149317,1586564519309,2,158.45,ETH-PERPETUAL,158.49,buy,1.0
11838191,ETH-15149318,1586564520752,3,158.45,ETH-PERPETUAL,158.52,sell,200.0
11838192,ETH-15149319,1586564520938,3,158.45,ETH-PERPETUAL,158.52,sell,27.0
11838193,ETH-15149320,1586564524032,2,158.4,ETH-PERPETUAL,158.5,sell,2.0
11838194,ETH-15149321,1586564524032,3,158.4,ETH-PERPETUAL,158.5,sell,1.0
11838195,ETH-15149322,1586564524032,3,158.4,ETH-PERPETUAL,158.5,sell,1.0
11838196,ETH-15149323,1586564524032,3,158.4,ETH-PERPETUAL,158.5,sell,1.0
11838197,ETH-15149324,1586564524032,3,158.4,ETH-PERPETUAL,158.5,sell,26.0
11838198,ETH-15149325,1586564525383,3,158.4,ETH-PERPETUAL,158.48,sell,1.0
11838199,ETH-15149326,1586564527128,3,158.4,ETH-PERPETUAL,158.45,buy,350.0
11838200,ETH-15149327,1586564527128,3,158.4,ETH-PERPETUAL,158.45,buy,200.0
11838201,ETH-15149331,1586564529827,0,158.5,ETH-PERPETUAL,158.56,sell,200.0
11838202,ETH-15149332,1586564529827,1,158.5,ETH-PERPETUAL,158.56,sell,100.0
11838203,ETH-15149333,1586564529827,1,158.5,ETH-PERPETUAL,158.56,sell,1.0
11838204,ETH-15149334,1586564529827,1,158.5,ETH-PERPETUAL,158.56,sell,847.0
11838205,ETH-15149336,1586564529877,1,158.5,ETH-PERPETUAL,158.56,sell,12.0
11838206,ETH-15149337,1586564531973,2,158.4,ETH-PERPETUAL,158.54,sell,1.0
11838207,ETH-15149338,1586564543169,3,158.4,ETH-PERPETUAL,158.54,sell,22.0
11838208,ETH-15149339,1586564543826,3,158.4,ETH-PERPETUAL,158.54,buy,200.0
11838209,ETH-15149340,1586564543826,3,158.4,ETH-PERPETUAL,158.54,buy,2500.0
11838210,ETH-15149341,1586564543826,3,158.4,ETH-PERPETUAL,158.54,buy,100.0
11838211,ETH-15149342,1586564546716,3,158.4,ETH-PERPETUAL,158.48,sell,15.0
11838212,ETH-15149343,1586564546716,2,158.35,ETH-PERPETUAL,158.48,sell,1.0
11838213,ETH-15149344,1586564546716,3,158.35,ETH-PERPETUAL,158.48,sell,1.0
11838214,ETH-15149345,1586564546716,3,158.35,ETH-PERPETUAL,158.48,sell,30.0
11838215,ETH-15149346,1586564546716,3,158.35,ETH-PERPETUAL,158.48,sell,1.0
11838216,ETH-15149347,1586564546716,2,158.3,ETH-PERPETUAL,158.48,sell,1.0
11838217,ETH-15149348,1586564546716,3,158.3,ETH-PERPETUAL,158.48,sell,1.0
11838218,ETH-15149349,1586564546716,3,158.3,ETH-PERPETUAL,158.48,sell,125.0
11838219,ETH-15149350,1586564546716,2,158.25,ETH-PERPETUAL,158.48,sell,465.0
11838220,ETH-15149351,1586564547824,0,158.35,ETH-PERPETUAL,158.48,buy,108.0
11838221,ETH-15149352,1586564549780,0,158.4,ETH-PERPETUAL,158.45,buy,2700.0
11838222,ETH-15149353,1586564558720,1,158.4,ETH-PERPETUAL,158.43,sell,1.0
11838223,ETH-15149354,1586564562615,1,158.4,ETH-PERPETUAL,158.43,sell,1.0
11838224,ETH-15149355,1586564582219,1,158.4,ETH-PERPETUAL,158.5,sell,5.0
11838225,ETH-15149356,1586564582219,1,158.4,ETH-PERPETUAL,158.5,sell,100.0
11838226,ETH-15149357,1586564582219,1,158.4,ETH-PERPETUAL,158.5,sell,145.0
11838227,ETH-15149358,1586564583268,0,158.45,ETH-PERPETUAL,158.49,buy,824.0
11838228,ETH-15149359,1586564583443,1,158.45,ETH-PERPETUAL,158.49,buy,318.0
11838229,ETH-15149360,1586564583444,1,158.45,ETH-PERPETUAL,158.49,buy,500.0
11838230,ETH-15149361,1586564583448,1,158.45,ETH-PERPETUAL,158.49,buy,2400.0
11838231,ETH-15149362,1586564583450,1,158.45,ETH-PERPETUAL,158.49,buy,1600.0
11838232,ETH-15149363,1586564583451,1,158.45,ETH-PERPETUAL,158.49,buy,600.0
11838233,ETH-15149364,1586564583473,1,158.45,ETH-PERPETUAL,158.49,buy,178.0
11838234,ETH-15149365,1586564585497,0,158.5,ETH-PERPETUAL,158.52,buy,1.0
11838235,ETH-15149366,1586564585497,1,158.5,ETH-PERPETUAL,158.52,buy,600.0
11838236,ETH-15149369,1586564589630,1,158.5,ETH-PERPETUAL,158.54,sell,200.0
11838237,ETH-15149379,1586564619852,2,158.4,ETH-PERPETUAL,158.46,sell,20.0
11838238,ETH-15149380,1586564619852,3,158.4,ETH-PERPETUAL,158.46,sell,4.0
11838239,ETH-15149381,1586564619852,3,158.4,ETH-PERPETUAL,158.46,sell,3.0
11838240,ETH-15149382,1586564619852,3,158.4,ETH-PERPETUAL,158.46,sell,2.0
11838241,ETH-15149383,1586564625682,2,158.35,ETH-PERPETUAL,158.44,sell,1.0
11838242,ETH-15149384,1586564625682,3,158.35,ETH-PERPETUAL,158.44,sell,60.0
11838243,ETH-15149385,1586564625682,3,158.35,ETH-PERPETUAL,158.44,sell,100.0
11838244,ETH-15149386,1586564625682,3,158.35,ETH-PERPETUAL,158.44,sell,12.0
11838245,ETH-15149387,1586564677122,0,158.5,ETH-PERPETUAL,158.58,buy,1.0
11838246,ETH-15149388,1586564677122,1,158.5,ETH-PERPETUAL,158.58,buy,1.0
11838247,ETH-15149389,1586564683776,1,158.5,ETH-PERPETUAL,158.59,sell,1.0
11838248,ETH-15149390,1586564693547,2,158.45,ETH-PERPETUAL,158.51,sell,110.0
11838249,ETH-15149391,1586564698321,2,158.4,ETH-PERPETUAL,158.48,sell,1.0
11838250,ETH-15149392,1586564699033,2,158.35,ETH-PERPETUAL,158.46,sell,155.0
11838251,ETH-15149393,1586564699033,3,158.35,ETH-PERPETUAL,158.46,sell,1.0
11838252,ETH-15149394,1586564702325,2,158.3,ETH-PERPETUAL,158.41,sell,20.0
11838253,ETH-15149395,1586564702325,3,158.3,ETH-PERPETUAL,158.41,sell,1.0
11838254,ETH-15149397,1586564707028,2,158.25,ETH-PERPETUAL,158.34,sell,1.0
11838255,ETH-15149398,1586564707028,3,158.25,ETH-PERPETUAL,158.34,sell,1.0
11838256,ETH-15149399,1586564707028,3,158.25,ETH-PERPETUAL,158.34,sell,20.0
11838257,ETH-15149400,1586564710286,3,158.25,ETH-PERPETUAL,158.35,buy,100.0
11838258,ETH-15149401,1586564710286,3,158.25,ETH-PERPETUAL,158.35,buy,200.0
11838259,ETH-15149402,1586564710286,0,158.3,ETH-PERPETUAL,158.35,buy,158.0
11838260,ETH-15149403,1586564710286,1,158.3,ETH-PERPETUAL,158.35,buy,42.0
11838261,ETH-15149404,1586564712088,1,158.3,ETH-PERPETUAL,158.35,sell,15.0
11838262,ETH-15149405,1586564713145,1,158.3,ETH-PERPETUAL,158.35,sell,1.0
11838263,ETH-15149406,1586564730992,0,158.35,ETH-PERPETUAL,158.37,sell,1.0
11838264,ETH-15149407,1586564736735,2,158.3,ETH-PERPETUAL,158.35,sell,1.0
11838265,ETH-15149408,1586564746913,2,158.25,ETH-PERPETUAL,158.34,sell,1475.0
11838266,ETH-15149409,1586564749188,3,158.25,ETH-PERPETUAL,158.33,sell,1.0
11838267,ETH-15149410,1586564749188,3,158.25,ETH-PERPETUAL,158.33,sell,12.0
11838268,ETH-15149411,1586564749188,3,158.25,ETH-PERPETUAL,158.33,sell,50.0
11838269,ETH-15149412,1586564750330,3,158.25,ETH-PERPETUAL,158.32,sell,17.0
11838270,ETH-15149413,1586564753344,3,158.25,ETH-PERPETUAL,158.3,sell,14.0
11838271,ETH-15149415,1586564755544,2,158.2,ETH-PERPETUAL,158.28,sell,1.0
11838272,ETH-15149416,1586564755544,3,158.2,ETH-PERPETUAL,158.28,sell,1.0
11838273,ETH-15149417,1586564759658,3,158.2,ETH-PERPETUAL,158.27,sell,11.0
11838274,ETH-15149418,1586564760304,0,158.25,ETH-PERPETUAL,158.27,buy,500.0
11838275,ETH-15149419,1586564779613,2,158.2,ETH-PERPETUAL,158.27,sell,1.0
11838276,ETH-15149420,1586564779613,3,158.2,ETH-PERPETUAL,158.27,sell,9.0
11838277,ETH-15149421,1586564779613,3,158.2,ETH-PERPETUAL,158.27,sell,20.0
11838278,ETH-15149422,1586564779613,3,158.2,ETH-PERPETUAL,158.27,sell,3.0
11838279,ETH-15149423,1586564791631,2,158.15,ETH-PERPETUAL,158.22,sell,1.0
11838280,ETH-15149424,1586564791631,3,158.15,ETH-PERPETUAL,158.22,sell,1.0
11838281,ETH-15149425,1586564791631,3,158.15,ETH-PERPETUAL,158.22,sell,1.0
11838282,ETH-15149426,1586564791631,3,158.15,ETH-PERPETUAL,158.22,sell,15.0
11838283,ETH-15149427,1586564792003,2,158.1,ETH-PERPETUAL,158.22,sell,1.0
11838284,ETH-15149428,1586564792003,3,158.1,ETH-PERPETUAL,158.22,sell,2.0
11838285,ETH-15149429,1586564792003,3,158.1,ETH-PERPETUAL,158.22,sell,1.0
11838286,ETH-15149430,1586564813842,0,158.15,ETH-PERPETUAL,158.2,sell,17.0
11838287,ETH-15149431,1586564813842,1,158.15,ETH-PERPETUAL,158.2,sell,1.0
11838288,ETH-15149432,1586564816169,1,158.15,ETH-PERPETUAL,158.2,sell,16.0
11838289,ETH-15149433,1586564831501,1,158.15,ETH-PERPETUAL,158.21,sell,9.0
11838290,ETH-15149434,1586564835356,2,158.1,ETH-PERPETUAL,158.19,sell,30.0
11838291,ETH-15149435,1586564835356,3,158.1,ETH-PERPETUAL,158.19,sell,11.0
11838292,ETH-15149436,1586564835540,3,158.1,ETH-PERPETUAL,158.19,sell,1.0
11838293,ETH-15149443,1586564866732,3,158.1,ETH-PERPETUAL,158.18,sell,200.0
11838294,ETH-15149444,1586564866732,3,158.1,ETH-PERPETUAL,158.18,sell,100.0
11838295,ETH-15149445,1586564866732,3,158.1,ETH-PERPETUAL,158.18,sell,15.0
11838296,ETH-15149446,1586564875922,2,158.05,ETH-PERPETUAL,158.16,sell,1.0
11838297,ETH-15149447,1586564875922,3,158.05,ETH-PERPETUAL,158.16,sell,1.0
11838298,ETH-15149448,1586564875922,3,158.05,ETH-PERPETUAL,158.16,sell,4698.0
11838299,ETH-15149449,1586564875933,3,158.05,ETH-PERPETUAL,158.16,sell,5302.0
11838300,ETH-15149450,1586564875933,3,158.05,ETH-PERPETUAL,158.16,sell,110.0
11838301,ETH-15149451,1586564875933,3,158.05,ETH-PERPETUAL,158.16,sell,1.0
11838302,ETH-15149452,1586564876846,2,158.0,ETH-PERPETUAL,158.15,sell,1.0
11838303,ETH-15149453,1586564876846,3,158.0,ETH-PERPETUAL,158.15,sell,1.0
11838304,ETH-15149454,1586564877403,2,157.95,ETH-PERPETUAL,158.11,sell,200.0
11838305,ETH-15149455,1586564877403,3,157.95,ETH-PERPETUAL,158.11,sell,100.0
11838306,ETH-15149456,1586564877403,3,157.95,ETH-PERPETUAL,158.11,sell,1.0
11838307,ETH-15149457,1586564877403,3,157.95,ETH-PERPETUAL,158.11,sell,2.0
11838308,ETH-15149458,1586564877403,3,157.95,ETH-PERPETUAL,158.11,sell,1.0
11838309,ETH-15149459,1586564877403,3,157.95,ETH-PERPETUAL,158.11,sell,192.0
11838310,ETH-15149460,1586564877407,3,157.95,ETH-PERPETUAL,158.11,sell,1500.0
11838311,ETH-15149461,1586564877492,3,157.95,ETH-PERPETUAL,158.11,sell,504.0
11838312,ETH-15149462,1586564878204,3,157.95,ETH-PERPETUAL,158.08,sell,22.0
11838313,ETH-15149463,1586564878314,2,157.9,ETH-PERPETUAL,158.08,sell,1.0
11838314,ETH-15149464,1586564878314,3,157.9,ETH-PERPETUAL,158.08,sell,1.0
11838315,ETH-15149465,1586564878314,3,157.9,ETH-PERPETUAL,158.08,sell,38.0
11838316,ETH-15149467,1586564890100,3,157.9,ETH-PERPETUAL,157.97,buy,200.0
11838317,ETH-15149473,1586564918624,0,158.05,ETH-PERPETUAL,158.09,buy,8.0
11838318,ETH-15149474,1586564954064,0,158.2,ETH-PERPETUAL,158.18,buy,250.0
11838319,ETH-15149475,1586564975155,0,158.25,ETH-PERPETUAL,158.38,sell,124.0
11838320,ETH-15149476,1586564975155,1,158.25,ETH-PERPETUAL,158.38,sell,1.0
11838321,ETH-15149477,1586564975155,1,158.25,ETH-PERPETUAL,158.38,sell,1.0
11838322,ETH-15149478,1586564975155,1,158.25,ETH-PERPETUAL,158.38,sell,1.0
11838323,ETH-15149479,1586564975155,1,158.25,ETH-PERPETUAL,158.38,sell,15.0
11838324,ETH-15149480,1586564975156,1,158.25,ETH-PERPETUAL,158.38,sell,1285.0
11838325,ETH-15149481,1586564976777,2,158.2,ETH-PERPETUAL,158.34,sell,1.0
11838326,ETH-15149482,1586564976777,3,158.2,ETH-PERPETUAL,158.34,sell,1.0
11838327,ETH-15149483,1586564987754,3,158.2,ETH-PERPETUAL,158.27,buy,1.0
11838328,ETH-15149484,1586565005119,0,158.25,ETH-PERPETUAL,158.32,buy,896.0
11838329,ETH-15149485,1586565014080,0,158.35,ETH-PERPETUAL,158.44,buy,2.0
11838330,ETH-15149486,1586565014080,1,158.35,ETH-PERPETUAL,158.44,buy,1.0
11838331,ETH-15149487,1586565015643,1,158.35,ETH-PERPETUAL,158.44,buy,4.0
11838332,ETH-15149488,1586565016402,1,158.35,ETH-PERPETUAL,158.44,buy,1.0
11838333,ETH-15149489,1586565019700,0,158.4,ETH-PERPETUAL,158.46,buy,2.0
11838334,ETH-15149490,1586565021608,0,158.45,ETH-PERPETUAL,158.5,buy,1.0
11838335,ETH-15149491,1586565021608,1,158.45,ETH-PERPETUAL,158.5,buy,400.0
11838336,ETH-15149497,1586565026814,2,158.4,ETH-PERPETUAL,158.52,buy,1.0
11838337,ETH-15149498,1586565031814,3,158.4,ETH-PERPETUAL,158.5,buy,1.0
11838338,ETH-15149499,1586565079359,2,158.35,ETH-PERPETUAL,158.46,sell,160.0
11838339,ETH-15149500,1586565079359,3,158.35,ETH-PERPETUAL,158.46,sell,1.0
11838340,ETH-15149501,1586565079359,3,158.35,ETH-PERPETUAL,158.46,sell,124.0
11838341,ETH-15149502,1586565079359,3,158.35,ETH-PERPETUAL,158.46,sell,80.0
11838342,ETH-15149503,1586565088173,2,158.3,ETH-PERPETUAL,158.41,sell,1.0
11838343,ETH-15149507,1586565092675,2,158.25,ETH-PERPETUAL,158.37,sell,1.0
11838344,ETH-15149508,1586565116285,2,158.2,ETH-PERPETUAL,158.3,sell,1.0
11838345,ETH-15149509,1586565116285,3,158.2,ETH-PERPETUAL,158.3,sell,1.0
11838346,ETH-15149510,1586565116285,3,158.2,ETH-PERPETUAL,158.3,sell,60.0
11838347,ETH-15149511,1586565116285,3,158.2,ETH-PERPETUAL,158.3,sell,500.0
11838348,ETH-15149512,1586565116285,3,158.2,ETH-PERPETUAL,158.3,sell,138.0
11838349,ETH-15149513,1586565122712,0,158.25,ETH-PERPETUAL,158.3,buy,10.0
11838350,ETH-15149514,1586565122712,1,158.25,ETH-PERPETUAL,158.3,buy,1.0
11838351,ETH-15149515,1586565122712,1,158.25,ETH-PERPETUAL,158.3,buy,3.0
11838352,ETH-15149516,1586565143290,0,158.35,ETH-PERPETUAL,158.41,buy,18.0
11838353,ETH-15149519,1586565149171,0,158.4,ETH-PERPETUAL,158.45,buy,16.0
11838354,ETH-15149520,1586565149171,1,158.4,ETH-PERPETUAL,158.45,buy,1.0
11838355,ETH-15149521,1586565168069,2,158.35,ETH-PERPETUAL,158.46,sell,1.0
11838356,ETH-15149522,1586565168069,3,158.35,ETH-PERPETUAL,158.46,sell,50.0
11838357,ETH-15149523,1586565181057,3,158.35,ETH-PERPETUAL,158.4,buy,1.0
11838358,ETH-15149524,1586565181057,3,158.35,ETH-PERPETUAL,158.4,buy,137.0
11838359,ETH-15149525,1586565181057,3,158.35,ETH-PERPETUAL,158.4,buy,137.0
11838360,ETH-15149526,1586565181057,3,158.35,ETH-PERPETUAL,158.4,buy,1.0
11838361,ETH-15149527,1586565218391,0,158.4,ETH-PERPETUAL,158.46,buy,2.0
11838362,ETH-15149528,1586565218391,1,158.4,ETH-PERPETUAL,158.46,buy,1.0
11838363,ETH-15149529,1586565228853,1,158.4,ETH-PERPETUAL,158.49,buy,5.0
11838364,ETH-15149530,1586565228853,1,158.4,ETH-PERPETUAL,158.49,buy,400.0
11838365,ETH-15149531,1586565240892,2,158.35,ETH-PERPETUAL,158.44,sell,1.0
11838366,ETH-15149532,1586565240892,3,158.35,ETH-PERPETUAL,158.44,sell,60.0
11838367,ETH-15149533,1586565243478,2,158.3,ETH-PERPETUAL,158.41,sell,50.0
11838368,ETH-15149534,1586565243478,3,158.3,ETH-PERPETUAL,158.41,sell,1.0
11838369,ETH-15149535,1586565243478,3,158.3,ETH-PERPETUAL,158.41,sell,3.0
11838370,ETH-15149536,1586565249262,3,158.3,ETH-PERPETUAL,158.38,buy,100.0
11838371,ETH-15149537,1586565249262,3,158.3,ETH-PERPETUAL,158.38,buy,200.0
11838372,ETH-15149538,1586565301881,0,158.35,ETH-PERPETUAL,158.39,buy,2.0
11838373,ETH-15149539,1586565301881,1,158.35,ETH-PERPETUAL,158.39,buy,1.0
11838374,ETH-15149540,1586565301881,1,158.35,ETH-PERPETUAL,158.39,buy,1.0
11838375,ETH-15149541,1586565301881,1,158.35,ETH-PERPETUAL,158.39,buy,400.0
11838376,ETH-15149542,1586565301881,1,158.35,ETH-PERPETUAL,158.39,buy,1.0
11838377,ETH-15149543,1586565301881,1,158.35,ETH-PERPETUAL,158.39,buy,200.0
11838378,ETH-15149544,1586565301881,0,158.4,ETH-PERPETUAL,158.39,buy,1.0
11838379,ETH-15149545,1586565301881,0,158.45,ETH-PERPETUAL,158.39,buy,1.0
11838380,ETH-15149546,1586565301881,1,158.45,ETH-PERPETUAL,158.39,buy,393.0
11838381,ETH-15149547,1586565312257,2,158.4,ETH-PERPETUAL,158.44,buy,4.0
11838382,ETH-15149548,1586565312257,3,158.4,ETH-PERPETUAL,158.44,buy,36.0
11838383,ETH-15149549,1586565317568,0,158.45,ETH-PERPETUAL,158.45,buy,3.0
11838384,ETH-15149550,1586565317568,1,158.45,ETH-PERPETUAL,158.45,buy,87.0
11838385,ETH-15149551,1586565323225,1,158.45,ETH-PERPETUAL,158.46,buy,612.0
11838386,ETH-15149552,1586565330213,1,158.45,ETH-PERPETUAL,158.51,buy,6.0
11838387,ETH-15149554,1586565332442,1,158.45,ETH-PERPETUAL,158.51,buy,2.0
11838388,ETH-15149556,1586565356932,1,158.45,ETH-PERPETUAL,158.53,sell,140.0
11838389,ETH-15149557,1586565357015,1,158.45,ETH-PERPETUAL,158.53,sell,111.0
11838390,ETH-15149558,1586565378001,1,158.45,ETH-PERPETUAL,158.52,buy,1.0
11838391,ETH-15149559,1586565378001,1,158.45,ETH-PERPETUAL,158.52,buy,1.0
11838392,ETH-15149560,1586565378118,0,158.5,ETH-PERPETUAL,158.52,buy,2.0
11838393,ETH-15149561,1586565378118,1,158.5,ETH-PERPETUAL,158.52,buy,1.0
11838394,ETH-15149562,1586565378967,0,158.55,ETH-PERPETUAL,158.54,buy,1.0
11838395,ETH-15149563,1586565378967,0,158.6,ETH-PERPETUAL,158.54,buy,1.0
11838396,ETH-15149564,1586565378967,1,158.6,ETH-PERPETUAL,158.54,buy,148.0
11838397,ETH-15149565,1586565378967,0,158.65,ETH-PERPETUAL,158.54,buy,1.0
11838398,ETH-15149566,1586565378967,1,158.65,ETH-PERPETUAL,158.54,buy,952.0
11838399,ETH-15149567,1586565378967,1,158.65,ETH-PERPETUAL,158.54,buy,1.0
11838400,ETH-15149568,1586565378967,1,158.65,ETH-PERPETUAL,158.54,buy,146.0
11838401,ETH-15149573,1586565385117,1,158.65,ETH-PERPETUAL,158.63,buy,12.0
11838402,ETH-15149574,1586565385117,1,158.65,ETH-PERPETUAL,158.63,buy,8.0
11838403,ETH-15149575,1586565385117,1,158.65,ETH-PERPETUAL,158.63,buy,1.0
11838404,ETH-15149576,1586565385117,1,158.65,ETH-PERPETUAL,158.63,buy,1.0
11838405,ETH-15149577,1586565385117,0,158.7,ETH-PERPETUAL,158.63,buy,1.0
11838406,ETH-15149578,1586565385117,1,158.7,ETH-PERPETUAL,158.63,buy,1228.0
11838407,ETH-15149579,1586565385121,1,158.7,ETH-PERPETUAL,158.63,buy,357.0
11838408,ETH-15149580,1586565385121,0,158.75,ETH-PERPETUAL,158.63,buy,2.0
11838409,ETH-15149581,1586565385121,1,158.75,ETH-PERPETUAL,158.63,buy,1.0
11838410,ETH-15149582,1586565385121,1,158.75,ETH-PERPETUAL,158.63,buy,2.0
11838411,ETH-15149583,1586565385121,1,158.75,ETH-PERPETUAL,158.63,buy,338.0
11838412,ETH-15149585,1586565405990,2,158.7,ETH-PERPETUAL,158.73,buy,1.0
11838413,ETH-15149586,1586565405990,3,158.7,ETH-PERPETUAL,158.73,buy,22.0
11838414,ETH-15149588,1586565408200,0,158.8,ETH-PERPETUAL,158.79,buy,1.0
11838415,ETH-15149589,1586565420001,1,158.8,ETH-PERPETUAL,158.86,sell,100.0
11838416,ETH-15149590,1586565420001,1,158.8,ETH-PERPETUAL,158.86,sell,130.0
11838417,ETH-15149591,1586565425499,2,158.7,ETH-PERPETUAL,158.82,buy,100.0
11838418,ETH-15149592,1586565425676,0,158.75,ETH-PERPETUAL,158.82,buy,27.0
11838419,ETH-15149593,1586565425676,1,158.75,ETH-PERPETUAL,158.82,buy,118.0
11838420,ETH-15149597,1586565425739,0,158.8,ETH-PERPETUAL,158.82,buy,2.0
11838421,ETH-15149598,1586565425739,1,158.8,ETH-PERPETUAL,158.82,buy,228.0
11838422,ETH-15149599,1586565425785,1,158.8,ETH-PERPETUAL,158.82,buy,282.0
11838423,ETH-15149600,1586565425786,1,158.8,ETH-PERPETUAL,158.82,buy,103.0
11838424,ETH-15149601,1586565425891,0,158.85,ETH-PERPETUAL,158.82,buy,1.0
11838425,ETH-15149602,1586565425891,1,158.85,ETH-PERPETUAL,158.82,buy,1.0
11838426,ETH-15149605,1586565426188,0,158.9,ETH-PERPETUAL,158.85,buy,1.0
11838427,ETH-15149606,1586565426188,1,158.9,ETH-PERPETUAL,158.85,buy,1.0
11838428,ETH-15149607,1586565426526,0,158.95,ETH-PERPETUAL,158.85,buy,100.0
11838429,ETH-15149608,1586565426526,1,158.95,ETH-PERPETUAL,158.85,buy,100.0
11838430,ETH-15149609,1586565426526,1,158.95,ETH-PERPETUAL,158.85,buy,1.0
11838431,ETH-15149610,1586565426526,1,158.95,ETH-PERPETUAL,158.85,buy,1476.0
11838432,ETH-15149611,1586565426528,1,158.95,ETH-PERPETUAL,158.85,buy,3078.0
11838433,ETH-15149612,1586565426565,1,158.95,ETH-PERPETUAL,158.85,buy,250.0
11838434,ETH-15149615,1586565427165,0,159.0,ETH-PERPETUAL,158.94,buy,1.0
11838435,ETH-15149616,1586565427165,1,159.0,ETH-PERPETUAL,158.94,buy,1.0
11838436,ETH-15149617,1586565427165,1,159.0,ETH-PERPETUAL,158.94,buy,28.0
11838437,ETH-15149618,1586565427416,0,159.05,ETH-PERPETUAL,158.94,buy,1.0
11838438,ETH-15149619,1586565427416,1,159.05,ETH-PERPETUAL,158.94,buy,250.0
11838439,ETH-15149620,1586565427416,1,159.05,ETH-PERPETUAL,158.94,buy,5.0
11838440,ETH-15149621,1586565427444,1,159.05,ETH-PERPETUAL,158.94,buy,600.0
11838441,ETH-15149622,1586565427446,1,159.05,ETH-PERPETUAL,158.94,buy,200.0
11838442,ETH-15149623,1586565427792,0,159.1,ETH-PERPETUAL,158.94,buy,1.0
11838443,ETH-15149624,1586565427792,1,159.1,ETH-PERPETUAL,158.94,buy,1.0
11838444,ETH-15149625,1586565427792,1,159.1,ETH-PERPETUAL,158.94,buy,1240.0
11838445,ETH-15149626,1586565427793,1,159.1,ETH-PERPETUAL,158.94,buy,4624.0
11838446,ETH-15149627,1586565428410,1,159.1,ETH-PERPETUAL,158.96,buy,300.0
11838447,ETH-15149628,1586565428411,1,159.1,ETH-PERPETUAL,158.96,buy,3500.0
11838448,ETH-15149629,1586565428412,1,159.1,ETH-PERPETUAL,158.96,buy,1200.0
11838449,ETH-15149630,1586565428413,1,159.1,ETH-PERPETUAL,158.96,buy,500.0
11838450,ETH-15149631,1586565428415,1,159.1,ETH-PERPETUAL,158.96,buy,200.0
11838451,ETH-15149632,1586565428418,1,159.1,ETH-PERPETUAL,158.96,buy,1700.0
11838452,ETH-15149633,1586565428419,1,159.1,ETH-PERPETUAL,158.96,buy,100.0
11838453,ETH-15149634,1586565428421,1,159.1,ETH-PERPETUAL,158.96,buy,1001.0
11838454,ETH-15149635,1586565428422,1,159.1,ETH-PERPETUAL,158.96,buy,4600.0
11838455,ETH-15149636,1586565428444,1,159.1,ETH-PERPETUAL,158.96,buy,800.0
11838456,ETH-15149637,1586565428446,1,159.1,ETH-PERPETUAL,158.96,buy,1500.0
11838457,ETH-15149638,1586565428447,1,159.1,ETH-PERPETUAL,158.96,buy,500.0
11838458,ETH-15149639,1586565428448,1,159.1,ETH-PERPETUAL,158.96,buy,3135.0
11838459,ETH-15149641,1586565428850,0,159.15,ETH-PERPETUAL,158.96,buy,1.0
11838460,ETH-15149642,1586565428850,1,159.15,ETH-PERPETUAL,158.96,buy,1264.0
11838461,ETH-15149643,1586565428861,1,159.15,ETH-PERPETUAL,158.96,buy,575.0
11838462,ETH-15149644,1586565429223,1,159.15,ETH-PERPETUAL,159.03,sell,200.0
11838463,ETH-15149645,1586565429223,1,159.15,ETH-PERPETUAL,159.03,sell,100.0
11838464,ETH-15149654,1586565430224,2,159.05,ETH-PERPETUAL,159.0,sell,136.0
11838465,ETH-15149655,1586565435158,0,159.15,ETH-PERPETUAL,159.13,buy,2.0
11838466,ETH-15149656,1586565435158,1,159.15,ETH-PERPETUAL,159.13,buy,59.0
11838467,ETH-15149657,1586565436061,0,159.2,ETH-PERPETUAL,159.19,buy,1.0
11838468,ETH-15149658,1586565436061,1,159.2,ETH-PERPETUAL,159.19,buy,1.0
11838469,ETH-15149659,1586565436061,1,159.2,ETH-PERPETUAL,159.19,buy,2.0
11838470,ETH-15149660,1586565437043,2,159.15,ETH-PERPETUAL,159.19,sell,1.0
11838471,ETH-15149661,1586565437327,2,159.1,ETH-PERPETUAL,159.21,sell,200.0
11838472,ETH-15149662,1586565437327,3,159.1,ETH-PERPETUAL,159.21,sell,250.0
11838473,ETH-15149663,1586565437327,3,159.1,ETH-PERPETUAL,159.21,sell,10.0
11838474,ETH-15149664,1586565437327,2,159.05,ETH-PERPETUAL,159.21,sell,40.0
11838475,ETH-15149665,1586565437772,0,159.15,ETH-PERPETUAL,159.21,buy,2.0
11838476,ETH-15149666,1586565440910,1,159.15,ETH-PERPETUAL,159.26,sell,1.0
11838477,ETH-15149667,1586565441701,2,159.05,ETH-PERPETUAL,159.25,buy,1.0
11838478,ETH-15149668,1586565443968,0,159.2,ETH-PERPETUAL,159.23,buy,2.0
11838479,ETH-15149669,1586565444048,0,159.25,ETH-PERPETUAL,159.23,buy,1.0
11838480,ETH-15149670,1586565444314,2,159.2,ETH-PERPETUAL,159.27,buy,48.0
11838481,ETH-15149671,1586565444700,0,159.3,ETH-PERPETUAL,159.27,buy,1.0
11838482,ETH-15149672,1586565444700,1,159.3,ETH-PERPETUAL,159.27,buy,100.0
11838483,ETH-15149673,1586565444700,1,159.3,ETH-PERPETUAL,159.27,buy,1.0
11838484,ETH-15149676,1586565445157,2,159.25,ETH-PERPETUAL,159.33,buy,1.0
11838485,ETH-15149677,1586565445866,3,159.25,ETH-PERPETUAL,159.33,sell,500.0
11838486,ETH-15149678,1586565446845,2,159.2,ETH-PERPETUAL,159.32,sell,800.0
11838487,ETH-15149679,1586565446845,3,159.2,ETH-PERPETUAL,159.32,sell,10.0
11838488,ETH-15149680,1586565447077,3,159.2,ETH-PERPETUAL,159.32,buy,1200.0
11838489,ETH-15149681,1586565447077,3,159.2,ETH-PERPETUAL,159.32,buy,200.0
11838490,ETH-15149682,1586565450508,2,159.15,ETH-PERPETUAL,159.31,sell,1.0
11838491,ETH-15149683,1586565450508,3,159.15,ETH-PERPETUAL,159.31,sell,200.0
11838492,ETH-15149684,1586565450508,2,159.1,ETH-PERPETUAL,159.31,sell,299.0
11838493,ETH-15149687,1586565460737,2,159.05,ETH-PERPETUAL,159.17,buy,1.0
11838494,ETH-15149690,1586565461750,0,159.15,ETH-PERPETUAL,159.18,buy,51.0
11838495,ETH-15149691,1586565470580,0,159.2,ETH-PERPETUAL,159.31,buy,1.0
11838496,ETH-15149692,1586565470580,1,159.2,ETH-PERPETUAL,159.31,buy,1.0
11838497,ETH-15149693,1586565470580,1,159.2,ETH-PERPETUAL,159.31,buy,44.0
11838498,ETH-15149694,1586565475273,0,159.3,ETH-PERPETUAL,159.34,buy,700.0
11838499,ETH-15149695,1586565480792,1,159.3,ETH-PERPETUAL,159.4,buy,1.0
11838500,ETH-15149696,1586565480792,1,159.3,ETH-PERPETUAL,159.4,buy,2.0
11838501,ETH-15149700,1586565489394,2,159.1,ETH-PERPETUAL,159.35,sell,500.0
11838502,ETH-15149701,1586565491351,3,159.1,ETH-PERPETUAL,159.28,sell,1.0
11838503,ETH-15149702,1586565491351,3,159.1,ETH-PERPETUAL,159.28,sell,220.0
11838504,ETH-15149703,1586565495591,3,159.1,ETH-PERPETUAL,159.21,buy,100.0
11838505,ETH-15149704,1586565498700,0,159.15,ETH-PERPETUAL,159.28,buy,1.0
11838506,ETH-15149705,1586565500301,1,159.15,ETH-PERPETUAL,159.29,sell,100.0
11838507,ETH-15149706,1586565500301,1,159.15,ETH-PERPETUAL,159.29,sell,800.0
11838508,ETH-15149707,1586565500301,1,159.15,ETH-PERPETUAL,159.29,sell,100.0
11838509,ETH-15149708,1586565500303,1,159.15,ETH-PERPETUAL,159.29,sell,100.0
11838510,ETH-15149709,1586565507772,1,159.15,ETH-PERPETUAL,159.26,buy,1.0
11838511,ETH-15149710,1586565512571,1,159.15,ETH-PERPETUAL,159.28,sell,600.0
11838512,ETH-15149711,1586565514585,2,159.05,ETH-PERPETUAL,159.27,sell,1.0
11838513,ETH-15149712,1586565514585,3,159.05,ETH-PERPETUAL,159.27,sell,1102.0
11838514,ETH-15149713,1586565514586,3,159.05,ETH-PERPETUAL,159.27,sell,738.0
11838515,ETH-15149714,1586565514586,3,159.05,ETH-PERPETUAL,159.27,sell,60.0
11838516,ETH-15149715,1586565528081,2,159.0,ETH-PERPETUAL,159.12,sell,1.0
11838517,ETH-15149716,1586565528081,3,159.0,ETH-PERPETUAL,159.12,sell,8.0
11838518,ETH-15149717,1586565528081,3,159.0,ETH-PERPETUAL,159.12,sell,1840.0
11838519,ETH-15149718,1586565528081,3,159.0,ETH-PERPETUAL,159.12,sell,50.0
11838520,ETH-15149719,1586565534326,2,158.95,ETH-PERPETUAL,159.08,sell,1.0
11838521,ETH-15149720,1586565534326,3,158.95,ETH-PERPETUAL,159.08,sell,5.0
11838522,ETH-15149721,1586565534326,3,158.95,ETH-PERPETUAL,159.08,sell,1840.0
11838523,ETH-15149722,1586565543093,3,158.95,ETH-PERPETUAL,159.02,buy,100.0
11838524,ETH-15149723,1586565543093,3,158.95,ETH-PERPETUAL,159.02,buy,18.0
11838525,ETH-15149724,1586565543093,3,158.95,ETH-PERPETUAL,159.02,buy,1.0
11838526,ETH-15149725,1586565543093,3,158.95,ETH-PERPETUAL,159.02,buy,2.0
11838527,ETH-15149726,1586565543093,3,158.95,ETH-PERPETUAL,159.02,buy,1.0
11838528,ETH-15149727,1586565545151,0,159.0,ETH-PERPETUAL,159.07,buy,1.0
11838529,ETH-15149732,1586565547258,0,159.05,ETH-PERPETUAL,159.09,buy,1.0
11838530,ETH-15149733,1586565557655,0,159.1,ETH-PERPETUAL,159.16,buy,1.0
11838531,ETH-15149734,1586565557655,1,159.1,ETH-PERPETUAL,159.16,buy,34.0
11838532,ETH-15149735,1586565560900,1,159.1,ETH-PERPETUAL,159.16,buy,28.0
11838533,ETH-15149736,1586565560900,1,159.1,ETH-PERPETUAL,159.16,buy,1.0
11838534,ETH-15149737,1586565577347,2,159.05,ETH-PERPETUAL,159.19,sell,1.0
11838535,ETH-15149740,1586565583739,2,159.0,ETH-PERPETUAL,159.14,sell,30.0
11838536,ETH-15149741,1586565603410,3,159.0,ETH-PERPETUAL,159.14,buy,1340.0
11838537,ETH-15149742,1586565603410,3,159.0,ETH-PERPETUAL,159.14,buy,13.0
11838538,ETH-15149743,1586565603410,3,159.0,ETH-PERPETUAL,159.14,buy,2.0
11838539,ETH-15149744,1586565607695,0,159.15,ETH-PERPETUAL,159.19,buy,1.0
11838540,ETH-15149745,1586565612375,1,159.15,ETH-PERPETUAL,159.24,buy,26.0
11838541,ETH-15149746,1586565642527,0,159.2,ETH-PERPETUAL,159.26,buy,1.0
11838542,ETH-15149747,1586565642527,1,159.2,ETH-PERPETUAL,159.26,buy,1.0
11838543,ETH-15149748,1586565642527,1,159.2,ETH-PERPETUAL,159.26,buy,1.0
11838544,ETH-15149749,1586565642527,1,159.2,ETH-PERPETUAL,159.26,buy,1.0
11838545,ETH-15149750,1586565642527,1,159.2,ETH-PERPETUAL,159.26,buy,15.0
11838546,ETH-15149751,1586565642527,1,159.2,ETH-PERPETUAL,159.26,buy,211.0
11838547,ETH-15149752,1586565646005,1,159.2,ETH-PERPETUAL,159.27,buy,11.0
11838548,ETH-15149753,1586565649877,0,159.25,ETH-PERPETUAL,159.28,buy,1.0
11838549,ETH-15149754,1586565649877,1,159.25,ETH-PERPETUAL,159.28,buy,1.0
11838550,ETH-15149755,1586565649877,1,159.25,ETH-PERPETUAL,159.28,buy,13.0
11838551,ETH-15149756,1586565653821,1,159.25,ETH-PERPETUAL,159.31,sell,100.0
11838552,ETH-15149757,1586565653821,1,159.25,ETH-PERPETUAL,159.31,sell,400.0
11838553,ETH-15149758,1586565659963,0,159.3,ETH-PERPETUAL,159.35,buy,1.0
11838554,ETH-15149759,1586565659963,1,159.3,ETH-PERPETUAL,159.35,buy,1.0
11838555,ETH-15149760,1586565659963,1,159.3,ETH-PERPETUAL,159.35,buy,1.0
11838556,ETH-15149761,1586565659963,1,159.3,ETH-PERPETUAL,159.35,buy,13.0
11838557,ETH-15149762,1586565663122,1,159.3,ETH-PERPETUAL,159.37,sell,800.0
11838558,ETH-15149763,1586565663122,1,159.3,ETH-PERPETUAL,159.37,sell,613.0
11838559,ETH-15149764,1586565664415,2,159.2,ETH-PERPETUAL,159.35,buy,5.0
11838560,ETH-15149765,1586565686936,3,159.2,ETH-PERPETUAL,159.29,buy,4.0
11838561,ETH-15149766,1586565686936,3,159.2,ETH-PERPETUAL,159.29,buy,1.0
11838562,ETH-15149767,1586565688505,2,159.15,ETH-PERPETUAL,159.33,sell,35.0
11838563,ETH-15149768,1586565688680,0,159.25,ETH-PERPETUAL,159.33,buy,1.0
11838564,ETH-15149769,1586565695125,1,159.25,ETH-PERPETUAL,159.34,buy,1.0
11838565,ETH-15149770,1586565695125,1,159.25,ETH-PERPETUAL,159.34,buy,200.0
11838566,ETH-15149771,1586565695125,1,159.25,ETH-PERPETUAL,159.34,buy,11.0
11838567,ETH-15149773,1586565706829,0,159.3,ETH-PERPETUAL,159.36,buy,1.0
11838568,ETH-15149774,1586565706829,1,159.3,ETH-PERPETUAL,159.36,buy,49.0
11838569,ETH-15149776,1586565713959,2,159.25,ETH-PERPETUAL,159.38,sell,828.0
11838570,ETH-15149777,1586565713971,3,159.25,ETH-PERPETUAL,159.38,sell,172.0
11838571,ETH-15149778,1586565717305,2,159.2,ETH-PERPETUAL,159.32,sell,170.0
11838572,ETH-15149781,1586565724226,0,159.25,ETH-PERPETUAL,159.33,buy,2.0
11838573,ETH-15149782,1586565724226,1,159.25,ETH-PERPETUAL,159.33,buy,1.0
11838574,ETH-15149783,1586565726707,1,159.25,ETH-PERPETUAL,159.34,buy,6.0
11838575,ETH-15149786,1586565755147,2,159.2,ETH-PERPETUAL,159.33,sell,60.0
11838576,ETH-15149787,1586565755147,3,159.2,ETH-PERPETUAL,159.33,sell,35.0
11838577,ETH-15149788,1586565760045,2,159.15,ETH-PERPETUAL,159.28,sell,196.0
11838578,ETH-15149789,1586565765104,3,159.15,ETH-PERPETUAL,159.24,sell,49.0
11838579,ETH-15149790,1586565788584,3,159.15,ETH-PERPETUAL,159.28,buy,7.0
11838580,ETH-15149791,1586565788584,3,159.15,ETH-PERPETUAL,159.28,buy,2.0
11838581,ETH-15149792,1586565788584,3,159.15,ETH-PERPETUAL,159.28,buy,2.0
11838582,ETH-15149793,1586565789395,0,159.2,ETH-PERPETUAL,159.28,buy,1.0
11838583,ETH-15149794,1586565789395,1,159.2,ETH-PERPETUAL,159.28,buy,1.0
11838584,ETH-15149795,1586565799950,0,159.25,ETH-PERPETUAL,159.34,buy,1.0
11838585,ETH-15149796,1586565799950,1,159.25,ETH-PERPETUAL,159.34,buy,1.0
11838586,ETH-15149797,1586565799950,1,159.25,ETH-PERPETUAL,159.34,buy,20.0
11838587,ETH-15149798,1586565799950,1,159.25,ETH-PERPETUAL,159.34,buy,400.0
11838588,ETH-15149799,1586565821516,0,159.3,ETH-PERPETUAL,159.39,buy,1.0
11838589,ETH-15149800,1586565821516,1,159.3,ETH-PERPETUAL,159.39,buy,1.0
11838590,ETH-15149801,1586565821516,1,159.3,ETH-PERPETUAL,159.39,buy,16.0
11838591,ETH-15149802,1586565821516,1,159.3,ETH-PERPETUAL,159.39,buy,1.0
11838592,ETH-15149803,1586565839563,1,159.3,ETH-PERPETUAL,159.41,sell,423.0
11838593,ETH-15149804,1586565839575,1,159.3,ETH-PERPETUAL,159.41,sell,1500.0
11838594,ETH-15149805,1586565839577,1,159.3,ETH-PERPETUAL,159.41,sell,154.0
11838595,ETH-15149806,1586565839578,1,159.3,ETH-PERPETUAL,159.41,sell,423.0
11838596,ETH-15149809,1586565842643,2,159.25,ETH-PERPETUAL,159.35,sell,441.0
11838597,ETH-15149810,1586565842707,3,159.25,ETH-PERPETUAL,159.35,sell,401.0
11838598,ETH-15149811,1586565842708,3,159.25,ETH-PERPETUAL,159.35,sell,1658.0
11838599,ETH-15149812,1586565842708,3,159.25,ETH-PERPETUAL,159.35,sell,2500.0
11838600,ETH-15149813,1586565842708,3,159.25,ETH-PERPETUAL,159.35,sell,110.0
11838601,ETH-15149814,1586565852973,2,159.2,ETH-PERPETUAL,159.25,buy,40.0
11838602,ETH-15149815,1586565909213,2,159.15,ETH-PERPETUAL,159.31,sell,5.0
11838603,ETH-15149816,1586565909213,3,159.15,ETH-PERPETUAL,159.31,sell,50.0
11838604,ETH-15149817,1586565909213,3,159.15,ETH-PERPETUAL,159.31,sell,945.0
11838605,ETH-15149819,1586565910104,3,159.15,ETH-PERPETUAL,159.31,sell,555.0
11838606,ETH-15149820,1586565910104,3,159.15,ETH-PERPETUAL,159.31,sell,445.0
11838607,ETH-15149822,1586565912186,3,159.15,ETH-PERPETUAL,159.3,sell,55.0
11838608,ETH-15149823,1586565912186,3,159.15,ETH-PERPETUAL,159.3,sell,600.0
11838609,ETH-15149824,1586565912186,3,159.15,ETH-PERPETUAL,159.3,sell,345.0
11838610,ETH-15149826,1586565951937,3,159.15,ETH-PERPETUAL,159.25,buy,1000.0
11838611,ETH-15149828,1586565976461,3,159.15,ETH-PERPETUAL,159.27,buy,1000.0
11838612,ETH-15149830,1586565976736,3,159.15,ETH-PERPETUAL,159.27,buy,2.0
11838613,ETH-15149831,1586565976736,3,159.15,ETH-PERPETUAL,159.27,buy,1.0
11838614,ETH-15149832,1586566032186,0,159.2,ETH-PERPETUAL,159.33,buy,1000.0
11838615,ETH-15149833,1586566032186,1,159.2,ETH-PERPETUAL,159.33,buy,7.0
11838616,ETH-15149834,1586566032186,1,159.2,ETH-PERPETUAL,159.33,buy,2.0
11838617,ETH-15149835,1586566032186,1,159.2,ETH-PERPETUAL,159.33,buy,2.0
11838618,ETH-15149838,1586566032607,0,159.25,ETH-PERPETUAL,159.34,buy,35.0
11838619,ETH-15149839,1586566032607,1,159.25,ETH-PERPETUAL,159.34,buy,1.0
11838620,ETH-15149840,1586566032607,1,159.25,ETH-PERPETUAL,159.34,buy,744.0
11838621,ETH-15149841,1586566033615,1,159.25,ETH-PERPETUAL,159.36,buy,256.0
11838622,ETH-15149843,1586566035874,0,159.3,ETH-PERPETUAL,159.39,buy,1.0
11838623,ETH-15149844,1586566035874,1,159.3,ETH-PERPETUAL,159.39,buy,699.0
11838624,ETH-15149845,1586566035875,1,159.3,ETH-PERPETUAL,159.39,buy,301.0
11838625,ETH-15149846,1586566035875,1,159.3,ETH-PERPETUAL,159.39,buy,1.0
