trade_seq,trade_id,timestamp,tick_direction,price,instrument_name,index_price,direction,amount
11859342,ETH-15174890,1586649634018,3,158.55,ETH-PERPETUAL,158.6,buy,1.0
11859343,ETH-15174891,1586649634018,3,158.55,ETH-PERPETUAL,158.6,buy,1.0
11859344,ETH-15174892,1586649634018,3,158.55,ETH-PERPETUAL,158.6,buy,1.0
11859345,ETH-15174893,1586649639322,0,158.6,ETH-PERPETUAL,158.63,buy,118.0
11859346,ETH-15174894,1586649639322,1,158.6,ETH-PERPETUAL,158.63,buy,192.0
11859347,ETH-15174895,1586649660063,0,158.65,ETH-PERPETUAL,158.66,buy,1.0
11859348,ETH-15174896,1586649660063,1,158.65,ETH-PERPETUAL,158.66,buy,1.0
11859349,ETH-15174897,1586649660063,1,158.65,ETH-PERPETUAL,158.66,buy,200.0
11859350,ETH-15174898,1586649660063,0,158.75,ETH-PERPETUAL,158.66,buy,1708.0
11859351,ETH-15174899,1586649664180,2,158.65,ETH-PERPETUAL,158.69,sell,500.0
11859352,ETH-15174900,1586649664180,3,158.65,ETH-PERPETUAL,158.69,sell,1605.0
11859353,ETH-15174901,1586649664180,3,158.65,ETH-PERPETUAL,158.69,sell,5.0
11859354,ETH-15174902,1586649664180,3,158.65,ETH-PERPETUAL,158.69,sell,2.0
11859355,ETH-15174903,1586649664180,3,158.65,ETH-PERPETUAL,158.69,sell,21.0
11859356,ETH-15174904,1586649668580,3,158.65,ETH-PERPETUAL,158.69,buy,200.0
11859357,ETH-15174905,1586649679678,3,158.65,ETH-PERPETUAL,158.7,buy,901.0
11859358,ETH-15174906,1586649679680,3,158.65,ETH-PERPETUAL,158.7,buy,400.0
11859359,ETH-15174907,1586649679689,3,158.65,ETH-PERPETUAL,158.7,buy,100.0
11859360,ETH-15174908,1586649679723,3,158.65,ETH-PERPETUAL,158.7,buy,100.0
11859361,ETH-15174909,1586649679724,3,158.65,ETH-PERPETUAL,158.7,buy,100.0
11859362,ETH-15174910,1586649679726,3,158.65,ETH-PERPETUAL,158.7,buy,300.0
11859363,ETH-15174911,1586649682209,3,158.65,ETH-PERPETUAL,158.71,buy,1461.0
11859364,ETH-15174912,1586649709588,3,158.65,ETH-PERPETUAL,158.75,buy,100.0
11859365,ETH-15174913,1586649711483,3,158.65,ETH-PERPETUAL,158.75,buy,2495.0
11859366,ETH-15174915,1586649712890,3,158.65,ETH-PERPETUAL,158.75,buy,200.0
11859367,ETH-15174916,1586649712892,3,158.65,ETH-PERPETUAL,158.75,buy,100.0
11859368,ETH-15174917,1586649712893,3,158.65,ETH-PERPETUAL,158.75,buy,100.0
11859369,ETH-15174918,1586649712959,3,158.65,ETH-PERPETUAL,158.75,buy,400.0
11859370,ETH-15174919,1586649712959,3,158.65,ETH-PERPETUAL,158.75,buy,910.0
11859371,ETH-15174920,1586649712959,3,158.65,ETH-PERPETUAL,158.75,buy,1.0
11859372,ETH-15174922,1586649713561,0,158.75,ETH-PERPETUAL,158.75,buy,770.0
11859373,ETH-15174923,1586649713561,1,158.75,ETH-PERPETUAL,158.75,buy,1.0
11859374,ETH-15174924,1586649713561,1,158.75,ETH-PERPETUAL,158.75,buy,1.0
11859375,ETH-15174925,1586649713561,1,158.75,ETH-PERPETUAL,158.75,buy,2.0
11859376,ETH-15174926,1586649713807,0,158.8,ETH-PERPETUAL,158.78,buy,60.0
11859377,ETH-15174927,1586649713807,1,158.8,ETH-PERPETUAL,158.78,buy,770.0
11859378,ETH-15174928,1586649713807,1,158.8,ETH-PERPETUAL,158.78,buy,5.0
11859379,ETH-15174931,1586649713919,0,158.85,ETH-PERPETUAL,158.78,buy,100.0
11859380,ETH-15174932,1586649713921,1,158.85,ETH-PERPETUAL,158.78,buy,60.0
11859381,ETH-15174933,1586649713921,1,158.85,ETH-PERPETUAL,158.78,buy,140.0
11859382,ETH-15174934,1586649713932,1,158.85,ETH-PERPETUAL,158.78,buy,300.0
11859383,ETH-15174935,1586649713933,1,158.85,ETH-PERPETUAL,158.78,buy,100.0
11859384,ETH-15174936,1586649713947,1,158.85,ETH-PERPETUAL,158.78,buy,230.0
11859385,ETH-15174937,1586649713947,1,158.85,ETH-PERPETUAL,158.78,buy,20.0
11859386,ETH-15174938,1586649713947,1,158.85,ETH-PERPETUAL,158.78,buy,20.0
11859387,ETH-15174939,1586649713947,1,158.85,ETH-PERPETUAL,158.78,buy,1.0
11859388,ETH-15174940,1586649713947,1,158.85,ETH-PERPETUAL,158.78,buy,1.0
11859389,ETH-15174941,1586649713947,1,158.85,ETH-PERPETUAL,158.78,buy,503.0
11859390,ETH-15174942,1586649713947,1,158.85,ETH-PERPETUAL,158.78,buy,457.0
11859391,ETH-15174944,1586649714123,0,158.9,ETH-PERPETUAL,158.78,buy,60.0
11859392,ETH-15174945,1586649714123,1,158.9,ETH-PERPETUAL,158.78,buy,990.0
11859393,ETH-15174946,1586649714125,1,158.9,ETH-PERPETUAL,158.78,buy,780.0
11859394,ETH-15174947,1586649714125,1,158.9,ETH-PERPETUAL,158.78,buy,503.0
11859395,ETH-15174948,1586649714125,1,158.9,ETH-PERPETUAL,158.78,buy,57.0
11859396,ETH-15174949,1586649714127,1,158.9,ETH-PERPETUAL,158.78,buy,193.0
11859397,ETH-15174950,1586649714127,0,158.95,ETH-PERPETUAL,158.78,buy,60.0
11859398,ETH-15174951,1586649714127,1,158.95,ETH-PERPETUAL,158.78,buy,770.0
11859399,ETH-15174952,1586649714127,1,158.95,ETH-PERPETUAL,158.78,buy,2500.0
11859400,ETH-15174953,1586649714127,1,158.95,ETH-PERPETUAL,158.78,buy,1.0
11859401,ETH-15174954,1586649714127,1,158.95,ETH-PERPETUAL,158.78,buy,1.0
11859402,ETH-15174955,1586649714127,1,158.95,ETH-PERPETUAL,158.78,buy,1839.0
11859403,ETH-15174956,1586649714127,1,158.95,ETH-PERPETUAL,158.78,buy,636.0
11859404,ETH-15174959,1586649714352,1,158.95,ETH-PERPETUAL,158.78,buy,1323.0
11859405,ETH-15174960,1586649714365,1,158.95,ETH-PERPETUAL,158.78,buy,516.0
11859406,ETH-15174962,1586649714383,0,159.0,ETH-PERPETUAL,158.78,buy,5.0
11859407,ETH-15174963,1586649714383,1,159.0,ETH-PERPETUAL,158.78,buy,16.0
11859408,ETH-15174964,1586649714383,1,159.0,ETH-PERPETUAL,158.78,buy,10.0
11859409,ETH-15174965,1586649714383,1,159.0,ETH-PERPETUAL,158.78,buy,2.0
11859410,ETH-15174966,1586649714383,1,159.0,ETH-PERPETUAL,158.78,buy,10.0
11859411,ETH-15174967,1586649714383,1,159.0,ETH-PERPETUAL,158.78,buy,1207.0
11859412,ETH-15174968,1586649714426,2,158.95,ETH-PERPETUAL,158.78,sell,2.0
11859413,ETH-15174969,1586649714439,0,159.0,ETH-PERPETUAL,158.78,buy,1250.0
11859414,ETH-15174970,1586649714459,1,159.0,ETH-PERPETUAL,158.78,buy,1350.0
11859415,ETH-15174971,1586649714467,1,159.0,ETH-PERPETUAL,158.78,buy,1250.0
11859416,ETH-15174972,1586649714707,2,158.95,ETH-PERPETUAL,158.78,sell,1.0
11859417,ETH-15174974,1586649714960,3,158.95,ETH-PERPETUAL,158.87,sell,4.0
11859418,ETH-15174975,1586649714960,3,158.95,ETH-PERPETUAL,158.87,sell,5.0
11859419,ETH-15174976,1586649714960,3,158.95,ETH-PERPETUAL,158.87,sell,108.0
11859420,ETH-15174977,1586649714960,3,158.95,ETH-PERPETUAL,158.87,sell,123.0
11859421,ETH-15174991,1586649715277,2,158.9,ETH-PERPETUAL,158.87,buy,1200.0
11859422,ETH-15174992,1586649715277,3,158.9,ETH-PERPETUAL,158.87,buy,200.0
11859423,ETH-15174993,1586649715748,2,158.85,ETH-PERPETUAL,158.87,buy,153.0
11859424,ETH-15174994,1586649721822,0,158.9,ETH-PERPETUAL,158.94,buy,75.0
11859425,ETH-15175002,1586649757128,2,158.85,ETH-PERPETUAL,158.92,sell,72.0
11859426,ETH-15175003,1586649757128,3,158.85,ETH-PERPETUAL,158.92,sell,300.0
11859427,ETH-15175004,1586649762677,0,158.9,ETH-PERPETUAL,158.91,buy,1.0
11859428,ETH-15175005,1586649762677,1,158.9,ETH-PERPETUAL,158.91,buy,1.0
11859429,ETH-15175006,1586649762677,1,158.9,ETH-PERPETUAL,158.91,buy,1.0
11859430,ETH-15175007,1586649762677,1,158.9,ETH-PERPETUAL,158.91,buy,297.0
11859431,ETH-15175008,1586649774565,1,158.9,ETH-PERPETUAL,158.96,buy,1.0
11859432,ETH-15175009,1586649782219,0,158.95,ETH-PERPETUAL,158.97,buy,4.0
11859433,ETH-15175011,1586649794440,1,158.95,ETH-PERPETUAL,159.02,buy,1.0
11859434,ETH-15175012,1586649794440,1,158.95,ETH-PERPETUAL,159.02,buy,366.0
11859435,ETH-15175013,1586649805725,1,158.95,ETH-PERPETUAL,159.06,sell,2.0
11859436,ETH-15175014,1586649828682,0,159.0,ETH-PERPETUAL,159.09,buy,943.0
11859437,ETH-15175015,1586649828682,1,159.0,ETH-PERPETUAL,159.09,buy,60.0
11859438,ETH-15175016,1586649828682,1,159.0,ETH-PERPETUAL,159.09,buy,770.0
11859439,ETH-15175017,1586649828682,1,159.0,ETH-PERPETUAL,159.09,buy,1053.0
11859440,ETH-15175018,1586649877130,1,159.0,ETH-PERPETUAL,159.13,buy,376.0
11859441,ETH-15175019,1586649877131,1,159.0,ETH-PERPETUAL,159.13,buy,162.0
11859442,ETH-15175020,1586649877131,1,159.0,ETH-PERPETUAL,159.13,buy,3.0
11859443,ETH-15175021,1586649877131,1,159.0,ETH-PERPETUAL,159.13,buy,6.0
11859444,ETH-15175022,1586649877131,1,159.0,ETH-PERPETUAL,159.13,buy,20.0
11859445,ETH-15175023,1586649877131,1,159.0,ETH-PERPETUAL,159.13,buy,1.0
11859446,ETH-15175024,1586649877131,1,159.0,ETH-PERPETUAL,159.13,buy,1.0
11859447,ETH-15175025,1586649877131,1,159.0,ETH-PERPETUAL,159.13,buy,1.0
11859448,ETH-15175027,1586649877615,1,159.0,ETH-PERPETUAL,159.13,sell,1.0
11859449,ETH-15175028,1586649877713,0,159.05,ETH-PERPETUAL,159.13,buy,60.0
11859450,ETH-15175029,1586649877713,1,159.05,ETH-PERPETUAL,159.13,buy,770.0
11859451,ETH-15175030,1586649877713,1,159.05,ETH-PERPETUAL,159.13,buy,4.0
11859452,ETH-15175031,1586649877936,0,159.1,ETH-PERPETUAL,159.14,buy,60.0
11859453,ETH-15175032,1586649877936,1,159.1,ETH-PERPETUAL,159.14,buy,770.0
11859454,ETH-15175033,1586649877936,1,159.1,ETH-PERPETUAL,159.14,buy,1.0
11859455,ETH-15175034,1586649877936,1,159.1,ETH-PERPETUAL,159.14,buy,1.0
11859456,ETH-15175035,1586649877936,1,159.1,ETH-PERPETUAL,159.14,buy,11.0
11859457,ETH-15175036,1586649877936,1,159.1,ETH-PERPETUAL,159.14,buy,5.0
11859458,ETH-15175037,1586649877936,1,159.1,ETH-PERPETUAL,159.14,buy,5.0
11859459,ETH-15175039,1586649878153,1,159.1,ETH-PERPETUAL,159.14,sell,1.0
11859460,ETH-15175040,1586649878428,1,159.1,ETH-PERPETUAL,159.14,sell,1.0
11859461,ETH-15175041,1586649878510,0,159.15,ETH-PERPETUAL,159.14,buy,60.0
11859462,ETH-15175042,1586649878510,1,159.15,ETH-PERPETUAL,159.14,buy,770.0
11859463,ETH-15175043,1586649878510,1,159.15,ETH-PERPETUAL,159.14,buy,20.0
11859464,ETH-15175044,1586649878510,1,159.15,ETH-PERPETUAL,159.14,buy,20.0
11859465,ETH-15175045,1586649878510,1,159.15,ETH-PERPETUAL,159.14,buy,844.0
11859466,ETH-15175046,1586649878511,1,159.15,ETH-PERPETUAL,159.14,buy,3572.0
11859467,ETH-15175048,1586649878804,1,159.15,ETH-PERPETUAL,159.14,buy,3148.0
11859468,ETH-15175049,1586649878808,1,159.15,ETH-PERPETUAL,159.14,buy,1560.0
11859469,ETH-15175050,1586649878808,1,159.15,ETH-PERPETUAL,159.14,buy,328.0
11859470,ETH-15175051,1586649878809,1,159.15,ETH-PERPETUAL,159.14,buy,1356.0
11859471,ETH-15175052,1586649878886,1,159.15,ETH-PERPETUAL,159.14,buy,571.0
11859472,ETH-15175053,1586649879106,1,159.15,ETH-PERPETUAL,159.19,buy,1.0
11859473,ETH-15175054,1586649879506,1,159.15,ETH-PERPETUAL,159.19,sell,1.0
11859474,ETH-15175058,1586649881938,0,159.2,ETH-PERPETUAL,159.22,buy,60.0
11859475,ETH-15175059,1586649881938,1,159.2,ETH-PERPETUAL,159.22,buy,1770.0
11859476,ETH-15175060,1586649881938,1,159.2,ETH-PERPETUAL,159.22,buy,1.0
11859477,ETH-15175061,1586649881938,1,159.2,ETH-PERPETUAL,159.22,buy,1.0
11859478,ETH-15175062,1586649881940,1,159.2,ETH-PERPETUAL,159.22,buy,1.0
11859479,ETH-15175063,1586649882390,1,159.2,ETH-PERPETUAL,159.29,sell,1.0
11859480,ETH-15175064,1586649883711,1,159.2,ETH-PERPETUAL,159.28,sell,199.0
11859481,ETH-15175065,1586649883711,1,159.2,ETH-PERPETUAL,159.28,sell,5.0
11859482,ETH-15175066,1586649884111,2,159.1,ETH-PERPETUAL,159.31,sell,100.0
11859483,ETH-15175067,1586649884113,3,159.1,ETH-PERPETUAL,159.31,sell,100.0
11859484,ETH-15175068,1586649884115,3,159.1,ETH-PERPETUAL,159.31,sell,50.0
11859485,ETH-15175069,1586649884115,3,159.1,ETH-PERPETUAL,159.31,sell,5.0
11859486,ETH-15175075,1586649894032,0,159.15,ETH-PERPETUAL,159.25,buy,1.0
11859487,ETH-15175076,1586649895577,1,159.15,ETH-PERPETUAL,159.27,sell,150.0
11859488,ETH-15175077,1586649897798,2,159.1,ETH-PERPETUAL,159.27,sell,1.0
11859489,ETH-15175078,1586649897798,3,159.1,ETH-PERPETUAL,159.27,sell,1.0
11859490,ETH-15175082,1586649909095,0,159.15,ETH-PERPETUAL,159.25,buy,30.0
11859491,ETH-15175083,1586649917573,1,159.15,ETH-PERPETUAL,159.27,buy,1.0
11859492,ETH-15175084,1586649923526,1,159.15,ETH-PERPETUAL,159.28,sell,88.0
11859493,ETH-15175087,1586649924620,2,159.1,ETH-PERPETUAL,159.26,sell,190.0
11859494,ETH-15175088,1586649935514,3,159.1,ETH-PERPETUAL,159.24,buy,1.0
11859495,ETH-15175089,1586649935514,3,159.1,ETH-PERPETUAL,159.24,buy,1.0
11859496,ETH-15175090,1586649935514,3,159.1,ETH-PERPETUAL,159.24,buy,1.0
11859497,ETH-15175091,1586649939903,0,159.2,ETH-PERPETUAL,159.27,buy,10.0
11859498,ETH-15175092,1586649939903,1,159.2,ETH-PERPETUAL,159.27,buy,10.0
11859499,ETH-15175093,1586649948721,1,159.2,ETH-PERPETUAL,159.28,buy,1.0
11859500,ETH-15175094,1586649948721,1,159.2,ETH-PERPETUAL,159.28,buy,1.0
11859501,ETH-15175095,1586649948721,1,159.2,ETH-PERPETUAL,159.28,buy,98.0
11859502,ETH-15175097,1586649975910,1,159.2,ETH-PERPETUAL,159.31,buy,1.0
11859503,ETH-15175098,1586649975910,1,159.2,ETH-PERPETUAL,159.31,buy,4.0
11859504,ETH-15175099,1586649989873,1,159.2,ETH-PERPETUAL,159.32,sell,2.0
11859505,ETH-15175100,1586650002852,0,159.25,ETH-PERPETUAL,159.32,buy,419.0
11859506,ETH-15175101,1586650005915,1,159.25,ETH-PERPETUAL,159.36,buy,351.0
11859507,ETH-15175102,1586650005915,1,159.25,ETH-PERPETUAL,159.36,buy,1.0
11859508,ETH-15175108,1586650006083,0,159.3,ETH-PERPETUAL,159.36,buy,770.0
11859509,ETH-15175109,1586650006083,1,159.3,ETH-PERPETUAL,159.36,buy,1.0
11859510,ETH-15175110,1586650006083,1,159.3,ETH-PERPETUAL,159.36,buy,1.0
11859511,ETH-15175111,1586650006083,0,159.35,ETH-PERPETUAL,159.36,buy,578.0
11859512,ETH-15175112,1586650006084,1,159.35,ETH-PERPETUAL,159.36,buy,192.0
11859513,ETH-15175113,1586650006084,1,159.35,ETH-PERPETUAL,159.36,buy,132.0
11859514,ETH-15175114,1586650006084,1,159.35,ETH-PERPETUAL,159.36,buy,926.0
11859515,ETH-15175115,1586650006371,2,159.3,ETH-PERPETUAL,159.36,sell,2.0
11859516,ETH-15175116,1586650007166,0,159.35,ETH-PERPETUAL,159.37,sell,1.0
11859517,ETH-15175117,1586650007915,0,159.4,ETH-PERPETUAL,159.42,buy,514.0
11859518,ETH-15175118,1586650013156,1,159.4,ETH-PERPETUAL,159.48,buy,256.0
11859519,ETH-15175119,1586650013156,1,159.4,ETH-PERPETUAL,159.48,buy,1.0
11859520,ETH-15175120,1586650013156,1,159.4,ETH-PERPETUAL,159.48,buy,1.0
11859521,ETH-15175121,1586650013156,1,159.4,ETH-PERPETUAL,159.48,buy,3.0
11859522,ETH-15175122,1586650013156,1,159.4,ETH-PERPETUAL,159.48,buy,237.0
11859523,ETH-15175123,1586650014445,1,159.4,ETH-PERPETUAL,159.49,buy,1.0
11859524,ETH-15175124,1586650014445,1,159.4,ETH-PERPETUAL,159.49,buy,200.0
11859525,ETH-15175125,1586650014722,1,159.4,ETH-PERPETUAL,159.49,sell,1.0
11859526,ETH-15175126,1586650018383,0,159.45,ETH-PERPETUAL,159.5,buy,3.0
11859527,ETH-15175127,1586650018383,1,159.45,ETH-PERPETUAL,159.5,buy,1770.0
11859528,ETH-15175128,1586650018383,1,159.45,ETH-PERPETUAL,159.5,buy,200.0
11859529,ETH-15175129,1586650018383,1,159.45,ETH-PERPETUAL,159.5,buy,1.0
11859530,ETH-15175130,1586650018383,0,159.5,ETH-PERPETUAL,159.5,buy,770.0
11859531,ETH-15175131,1586650018383,1,159.5,ETH-PERPETUAL,159.5,buy,1.0
11859532,ETH-15175132,1586650018383,1,159.5,ETH-PERPETUAL,159.5,buy,1.0
11859533,ETH-15175133,1586650018383,1,159.5,ETH-PERPETUAL,159.5,buy,250.0
11859534,ETH-15175134,1586650018383,1,159.5,ETH-PERPETUAL,159.5,buy,1.0
11859535,ETH-15175135,1586650018383,0,159.55,ETH-PERPETUAL,159.5,buy,770.0
11859536,ETH-15175136,1586650018383,1,159.55,ETH-PERPETUAL,159.5,buy,137.0
11859537,ETH-15175137,1586650018383,1,159.55,ETH-PERPETUAL,159.5,buy,3278.0
11859538,ETH-15175138,1586650018383,1,159.55,ETH-PERPETUAL,159.5,buy,10.0
11859539,ETH-15175139,1586650018383,0,159.6,ETH-PERPETUAL,159.5,buy,770.0
11859540,ETH-15175140,1586650018383,1,159.6,ETH-PERPETUAL,159.5,buy,1.0
11859541,ETH-15175141,1586650018383,1,159.6,ETH-PERPETUAL,159.5,buy,1.0
11859542,ETH-15175142,1586650018383,1,159.6,ETH-PERPETUAL,159.5,buy,1600.0
11859543,ETH-15175143,1586650018875,2,159.5,ETH-PERPETUAL,159.5,sell,2.0
11859544,ETH-15175144,1586650018917,3,159.5,ETH-PERPETUAL,159.5,sell,198.0
11859545,ETH-15175145,1586650018917,3,159.5,ETH-PERPETUAL,159.5,sell,28.0
11859546,ETH-15175146,1586650019557,0,159.55,ETH-PERPETUAL,159.5,buy,3300.0
11859547,ETH-15175147,1586650019557,1,159.55,ETH-PERPETUAL,159.5,buy,3000.0
11859548,ETH-15175148,1586650019557,1,159.55,ETH-PERPETUAL,159.5,buy,250.0
11859549,ETH-15175149,1586650019557,0,159.6,ETH-PERPETUAL,159.5,buy,2813.0
11859550,ETH-15175150,1586650020184,2,159.45,ETH-PERPETUAL,159.5,sell,770.0
11859551,ETH-15175151,1586650023049,3,159.45,ETH-PERPETUAL,159.48,buy,260.0
11859552,ETH-15175152,1586650034355,3,159.45,ETH-PERPETUAL,159.48,buy,1.0
11859553,ETH-15175154,1586650046155,0,159.55,ETH-PERPETUAL,159.53,buy,1.0
11859554,ETH-15175155,1586650046155,1,159.55,ETH-PERPETUAL,159.53,buy,95.0
11859555,ETH-15175156,1586650046619,1,159.55,ETH-PERPETUAL,159.53,sell,1.0
11859556,ETH-15175157,1586650047210,0,159.6,ETH-PERPETUAL,159.55,sell,1.0
11859557,ETH-15175158,1586650048959,1,159.6,ETH-PERPETUAL,159.57,sell,200.0
11859558,ETH-15175159,1586650048959,1,159.6,ETH-PERPETUAL,159.57,sell,800.0
11859559,ETH-15175160,1586650050099,2,159.5,ETH-PERPETUAL,159.59,sell,117.0
11859560,ETH-15175161,1586650050099,3,159.5,ETH-PERPETUAL,159.59,sell,984.0
11859561,ETH-15175162,1586650077270,3,159.5,ETH-PERPETUAL,159.62,sell,100.0
11859562,ETH-15175163,1586650082011,3,159.5,ETH-PERPETUAL,159.63,sell,2.0
11859563,ETH-15175164,1586650091717,0,159.55,ETH-PERPETUAL,159.63,buy,200.0
11859564,ETH-15175165,1586650100242,1,159.55,ETH-PERPETUAL,159.63,buy,1.0
11859565,ETH-15175166,1586650100242,1,159.55,ETH-PERPETUAL,159.63,buy,1.0
11859566,ETH-15175167,1586650100242,1,159.55,ETH-PERPETUAL,159.63,buy,1.0
11859567,ETH-15175168,1586650100242,1,159.55,ETH-PERPETUAL,159.63,buy,97.0
11859568,ETH-15175169,1586650100243,1,159.55,ETH-PERPETUAL,159.63,buy,300.0
11859569,ETH-15175170,1586650100244,1,159.55,ETH-PERPETUAL,159.63,buy,33.0
11859570,ETH-15175171,1586650100244,1,159.55,ETH-PERPETUAL,159.63,buy,67.0
11859571,ETH-15175172,1586650100260,1,159.55,ETH-PERPETUAL,159.63,buy,563.0
11859572,ETH-15175173,1586650100261,1,159.55,ETH-PERPETUAL,159.63,buy,300.0
11859573,ETH-15175174,1586650100262,1,159.55,ETH-PERPETUAL,159.63,buy,100.0
11859574,ETH-15175175,1586650100263,1,159.55,ETH-PERPETUAL,159.63,buy,100.0
11859575,ETH-15175176,1586650100382,1,159.55,ETH-PERPETUAL,159.63,buy,100.0
11859576,ETH-15175177,1586650100385,1,159.55,ETH-PERPETUAL,159.63,buy,200.0
11859577,ETH-15175178,1586650100407,1,159.55,ETH-PERPETUAL,159.63,buy,100.0
11859578,ETH-15175179,1586650100408,1,159.55,ETH-PERPETUAL,159.63,buy,100.0
11859579,ETH-15175180,1586650100409,1,159.55,ETH-PERPETUAL,159.63,buy,100.0
11859580,ETH-15175181,1586650100410,1,159.55,ETH-PERPETUAL,159.63,buy,400.0
11859581,ETH-15175182,1586650100412,1,159.55,ETH-PERPETUAL,159.63,buy,200.0
11859582,ETH-15175183,1586650100414,1,159.55,ETH-PERPETUAL,159.63,buy,100.0
11859583,ETH-15175184,1586650100415,1,159.55,ETH-PERPETUAL,159.63,buy,400.0
11859584,ETH-15175185,1586650100439,1,159.55,ETH-PERPETUAL,159.63,buy,600.0
11859585,ETH-15175186,1586650100450,1,159.55,ETH-PERPETUAL,159.63,buy,370.0
11859586,ETH-15175189,1586650106311,0,159.6,ETH-PERPETUAL,159.67,sell,4.0
11859587,ETH-15175190,1586650106311,1,159.6,ETH-PERPETUAL,159.67,sell,132.0
11859588,ETH-15175191,1586650106311,1,159.6,ETH-PERPETUAL,159.67,sell,133.0
11859589,ETH-15175192,1586650106311,1,159.6,ETH-PERPETUAL,159.67,sell,10.0
11859590,ETH-15175193,1586650106311,1,159.6,ETH-PERPETUAL,159.67,sell,87.0
11859591,ETH-15175195,1586650119991,1,159.6,ETH-PERPETUAL,159.66,buy,1.0
11859592,ETH-15175196,1586650119991,1,159.6,ETH-PERPETUAL,159.66,buy,616.0
11859593,ETH-15175197,1586650125182,1,159.6,ETH-PERPETUAL,159.66,buy,184.0
11859594,ETH-15175198,1586650125182,1,159.6,ETH-PERPETUAL,159.66,buy,200.0
11859595,ETH-15175199,1586650125182,1,159.6,ETH-PERPETUAL,159.66,buy,400.0
11859596,ETH-15175200,1586650125182,0,159.65,ETH-PERPETUAL,159.66,buy,1.0
11859597,ETH-15175201,1586650125182,1,159.65,ETH-PERPETUAL,159.66,buy,1.0
11859598,ETH-15175202,1586650125182,1,159.65,ETH-PERPETUAL,159.66,buy,5.0
11859599,ETH-15175203,1586650125182,0,159.7,ETH-PERPETUAL,159.66,buy,1000.0
11859600,ETH-15175204,1586650125182,1,159.7,ETH-PERPETUAL,159.66,buy,141.0
11859601,ETH-15175205,1586650125182,1,159.7,ETH-PERPETUAL,159.66,buy,141.0
11859602,ETH-15175206,1586650125182,1,159.7,ETH-PERPETUAL,159.66,buy,10.0
11859603,ETH-15175207,1586650125182,1,159.7,ETH-PERPETUAL,159.66,buy,2917.0
11859604,ETH-15175208,1586650125188,1,159.7,ETH-PERPETUAL,159.66,buy,296.0
11859605,ETH-15175209,1586650125483,2,159.65,ETH-PERPETUAL,159.66,sell,5.0
11859606,ETH-15175210,1586650125483,3,159.65,ETH-PERPETUAL,159.66,sell,135.0
11859607,ETH-15175211,1586650125483,3,159.65,ETH-PERPETUAL,159.66,sell,135.0
11859608,ETH-15175212,1586650125500,2,159.6,ETH-PERPETUAL,159.66,sell,1.0
11859609,ETH-15175213,1586650125566,0,159.65,ETH-PERPETUAL,159.66,sell,5.0
11859610,ETH-15175214,1586650128717,2,159.6,ETH-PERPETUAL,159.64,buy,200.0
11859611,ETH-15175215,1586650128717,3,159.6,ETH-PERPETUAL,159.64,buy,280.0
11859612,ETH-15175216,1586650130913,2,159.55,ETH-PERPETUAL,159.64,sell,78.0
11859613,ETH-15175217,1586650130913,3,159.55,ETH-PERPETUAL,159.64,sell,10.0
11859614,ETH-15175218,1586650131714,2,159.45,ETH-PERPETUAL,159.61,sell,70.0
11859615,ETH-15175219,1586650131714,3,159.45,ETH-PERPETUAL,159.61,sell,10.0
11859616,ETH-15175223,1586650132340,2,159.4,ETH-PERPETUAL,159.61,sell,770.0
11859617,ETH-15175225,1586650138142,3,159.4,ETH-PERPETUAL,159.51,buy,500.0
11859618,ETH-15175226,1586650144705,3,159.4,ETH-PERPETUAL,159.49,buy,1.0
11859619,ETH-15175227,1586650144705,3,159.4,ETH-PERPETUAL,159.49,buy,1.0
11859620,ETH-15175228,1586650174071,0,159.45,ETH-PERPETUAL,159.54,sell,3.0
11859621,ETH-15175229,1586650186557,0,159.5,ETH-PERPETUAL,159.57,buy,1.0
11859622,ETH-15175230,1586650186557,1,159.5,ETH-PERPETUAL,159.57,buy,1.0
11859623,ETH-15175231,1586650186557,1,159.5,ETH-PERPETUAL,159.57,buy,160.0
11859624,ETH-15175232,1586650186557,1,159.5,ETH-PERPETUAL,159.57,buy,5.0
11859625,ETH-15175233,1586650190150,2,159.45,ETH-PERPETUAL,159.56,sell,43.0
11859626,ETH-15175234,1586650190150,3,159.45,ETH-PERPETUAL,159.56,sell,12.0
11859627,ETH-15175235,1586650190150,3,159.45,ETH-PERPETUAL,159.56,sell,770.0
11859628,ETH-15175236,1586650190150,3,159.45,ETH-PERPETUAL,159.56,sell,50.0
11859629,ETH-15175237,1586650197380,2,159.4,ETH-PERPETUAL,159.5,sell,167.0
11859630,ETH-15175238,1586650217541,0,159.5,ETH-PERPETUAL,159.49,buy,10.0
11859631,ETH-15175239,1586650217541,1,159.5,ETH-PERPETUAL,159.49,buy,700.0
11859632,ETH-15175240,1586650227382,1,159.5,ETH-PERPETUAL,159.51,sell,38.0
11859633,ETH-15175241,1586650228827,2,159.4,ETH-PERPETUAL,159.49,sell,40.0
11859634,ETH-15175242,1586650228827,3,159.4,ETH-PERPETUAL,159.49,sell,1219.0
11859635,ETH-15175243,1586650239689,3,159.4,ETH-PERPETUAL,159.45,sell,100.0
11859636,ETH-15175244,1586650239691,3,159.4,ETH-PERPETUAL,159.45,sell,100.0
11859637,ETH-15175245,1586650239692,3,159.4,ETH-PERPETUAL,159.45,sell,351.0
11859638,ETH-15175246,1586650239692,3,159.4,ETH-PERPETUAL,159.45,sell,36.0
11859639,ETH-15175247,1586650239692,3,159.4,ETH-PERPETUAL,159.45,sell,1.0
11859640,ETH-15175248,1586650239692,3,159.4,ETH-PERPETUAL,159.45,sell,70.0
11859641,ETH-15175249,1586650254628,3,159.4,ETH-PERPETUAL,159.4,buy,50.0
11859642,ETH-15175251,1586650255004,3,159.4,ETH-PERPETUAL,159.4,buy,200.0
11859643,ETH-15175253,1586650285933,2,159.35,ETH-PERPETUAL,159.37,sell,200.0
11859644,ETH-15175254,1586650289631,3,159.35,ETH-PERPETUAL,159.37,sell,1338.0
11859645,ETH-15175255,1586650289643,3,159.35,ETH-PERPETUAL,159.37,sell,200.0
11859646,ETH-15175256,1586650289644,3,159.35,ETH-PERPETUAL,159.37,sell,32.0
11859647,ETH-15175257,1586650289644,3,159.35,ETH-PERPETUAL,159.37,sell,70.0
11859648,ETH-15175258,1586650289644,3,159.35,ETH-PERPETUAL,159.37,sell,14.0
11859649,ETH-15175259,1586650289644,3,159.35,ETH-PERPETUAL,159.37,sell,1.0
11859650,ETH-15175260,1586650289644,3,159.35,ETH-PERPETUAL,159.37,sell,60.0
11859651,ETH-15175261,1586650289644,3,159.35,ETH-PERPETUAL,159.37,sell,20.0
11859652,ETH-15175263,1586650293353,2,159.3,ETH-PERPETUAL,159.35,sell,200.0
11859653,ETH-15175264,1586650306475,3,159.3,ETH-PERPETUAL,159.36,sell,690.0
11859654,ETH-15175265,1586650352758,3,159.3,ETH-PERPETUAL,159.33,sell,303.0
11859655,ETH-15175266,1586650352760,3,159.3,ETH-PERPETUAL,159.33,sell,577.0
11859656,ETH-15175267,1586650352760,3,159.3,ETH-PERPETUAL,159.33,sell,70.0
11859657,ETH-15175268,1586650352760,3,159.3,ETH-PERPETUAL,159.33,sell,1.0
11859658,ETH-15175269,1586650352760,3,159.3,ETH-PERPETUAL,159.33,sell,12.0
11859659,ETH-15175270,1586650352760,3,159.3,ETH-PERPETUAL,159.33,sell,2.0
11859660,ETH-15175271,1586650352760,3,159.3,ETH-PERPETUAL,159.33,sell,4.0
11859661,ETH-15175272,1586650352872,2,159.25,ETH-PERPETUAL,159.33,sell,500.0
11859662,ETH-15175273,1586650360080,3,159.25,ETH-PERPETUAL,159.25,sell,960.0
11859663,ETH-15175274,1586650366144,3,159.25,ETH-PERPETUAL,159.24,sell,310.0
11859664,ETH-15175275,1586650366144,3,159.25,ETH-PERPETUAL,159.24,sell,1770.0
11859665,ETH-15175276,1586650366144,3,159.25,ETH-PERPETUAL,159.24,sell,50.0
11859666,ETH-15175277,1586650366144,3,159.25,ETH-PERPETUAL,159.24,sell,20.0
11859667,ETH-15175278,1586650366144,3,159.25,ETH-PERPETUAL,159.24,sell,2.0
11859668,ETH-15175279,1586650366144,3,159.25,ETH-PERPETUAL,159.24,sell,1.0
11859669,ETH-15175280,1586650366144,2,159.2,ETH-PERPETUAL,159.24,sell,11.0
11859670,ETH-15175281,1586650387407,3,159.2,ETH-PERPETUAL,159.2,sell,500.0
11859671,ETH-15175282,1586650387408,3,159.2,ETH-PERPETUAL,159.2,sell,134.0
11859672,ETH-15175283,1586650387410,3,159.2,ETH-PERPETUAL,159.2,sell,300.0
11859673,ETH-15175284,1586650387412,3,159.2,ETH-PERPETUAL,159.2,sell,100.0
11859674,ETH-15175285,1586650387514,3,159.2,ETH-PERPETUAL,159.18,sell,725.0
11859675,ETH-15175286,1586650387514,3,159.2,ETH-PERPETUAL,159.18,sell,1.0
11859676,ETH-15175287,1586650387514,3,159.2,ETH-PERPETUAL,159.18,sell,2.0
11859677,ETH-15175288,1586650387514,2,159.15,ETH-PERPETUAL,159.18,sell,652.0
11859678,ETH-15175289,1586650387822,3,159.15,ETH-PERPETUAL,159.18,sell,344.0
11859679,ETH-15175290,1586650388621,3,159.15,ETH-PERPETUAL,159.16,sell,774.0
11859680,ETH-15175291,1586650388621,3,159.15,ETH-PERPETUAL,159.16,sell,50.0
11859681,ETH-15175292,1586650388621,3,159.15,ETH-PERPETUAL,159.16,sell,20.0
11859682,ETH-15175293,1586650388621,2,159.1,ETH-PERPETUAL,159.16,sell,536.0
11859683,ETH-15175294,1586650396097,3,159.1,ETH-PERPETUAL,159.13,sell,1234.0
11859684,ETH-15175295,1586650396097,3,159.1,ETH-PERPETUAL,159.13,sell,524.0
11859685,ETH-15175296,1586650430004,3,159.1,ETH-PERPETUAL,159.11,sell,476.0
11859686,ETH-15175297,1586650430004,3,159.1,ETH-PERPETUAL,159.11,sell,1.0
11859687,ETH-15175298,1586650430004,3,159.1,ETH-PERPETUAL,159.11,sell,200.0
11859688,ETH-15175299,1586650430004,3,159.1,ETH-PERPETUAL,159.11,sell,13.0
11859689,ETH-15175303,1586650440788,3,159.1,ETH-PERPETUAL,159.1,sell,1.0
11859690,ETH-15175305,1586650441693,2,159.05,ETH-PERPETUAL,159.1,sell,5.0
11859691,ETH-15175306,1586650441693,3,159.05,ETH-PERPETUAL,159.1,sell,1186.0
11859692,ETH-15175307,1586650441694,3,159.05,ETH-PERPETUAL,159.1,sell,584.0
11859693,ETH-15175308,1586650441694,3,159.05,ETH-PERPETUAL,159.1,sell,1770.0
11859694,ETH-15175309,1586650441694,3,159.05,ETH-PERPETUAL,159.1,sell,60.0
11859695,ETH-15175310,1586650441694,3,159.05,ETH-PERPETUAL,159.1,sell,20.0
11859696,ETH-15175312,1586650442101,2,159.0,ETH-PERPETUAL,159.08,sell,1770.0
11859697,ETH-15175313,1586650449321,2,158.95,ETH-PERPETUAL,158.98,sell,200.0
11859698,ETH-15175314,1586650471417,3,158.95,ETH-PERPETUAL,158.92,sell,690.0
11859699,ETH-15175315,1586650472983,3,158.95,ETH-PERPETUAL,158.9,sell,880.0
11859700,ETH-15175316,1586650472983,3,158.95,ETH-PERPETUAL,158.9,sell,2.0
11859701,ETH-15175317,1586650472983,3,158.95,ETH-PERPETUAL,158.9,sell,1.0
11859702,ETH-15175318,1586650494125,2,158.9,ETH-PERPETUAL,158.87,sell,1770.0
11859703,ETH-15175319,1586650494125,3,158.9,ETH-PERPETUAL,158.87,sell,1769.0
11859704,ETH-15175320,1586650505337,0,158.95,ETH-PERPETUAL,158.89,buy,11.0
11859705,ETH-15175321,1586650505337,1,158.95,ETH-PERPETUAL,158.89,buy,2989.0
11859706,ETH-15175322,1586650505697,1,158.95,ETH-PERPETUAL,158.89,buy,100.0
11859707,ETH-15175323,1586650506023,1,158.95,ETH-PERPETUAL,158.89,buy,48.0
11859708,ETH-15175324,1586650506023,1,158.95,ETH-PERPETUAL,158.89,buy,52.0
11859709,ETH-15175325,1586650506025,1,158.95,ETH-PERPETUAL,158.89,buy,72.0
11859710,ETH-15175326,1586650509213,0,159.0,ETH-PERPETUAL,158.95,buy,5.0
11859711,ETH-15175327,1586650509213,1,159.0,ETH-PERPETUAL,158.95,buy,1.0
11859712,ETH-15175328,1586650509213,1,159.0,ETH-PERPETUAL,158.95,buy,1.0
11859713,ETH-15175329,1586650509213,1,159.0,ETH-PERPETUAL,158.95,buy,1409.0
11859714,ETH-15175330,1586650509226,1,159.0,ETH-PERPETUAL,158.95,buy,300.0
11859715,ETH-15175331,1586650509237,1,159.0,ETH-PERPETUAL,158.95,buy,100.0
11859716,ETH-15175332,1586650509249,1,159.0,ETH-PERPETUAL,158.95,buy,400.0
11859717,ETH-15175333,1586650509250,1,159.0,ETH-PERPETUAL,158.95,buy,200.0
11859718,ETH-15175334,1586650509251,1,159.0,ETH-PERPETUAL,158.95,buy,2421.0
11859719,ETH-15175335,1586650518447,0,159.1,ETH-PERPETUAL,159.05,buy,1.0
11859720,ETH-15175336,1586650518447,1,159.1,ETH-PERPETUAL,159.05,buy,1.0
11859721,ETH-15175337,1586650518447,1,159.1,ETH-PERPETUAL,159.05,buy,98.0
11859722,ETH-15175338,1586650518448,1,159.1,ETH-PERPETUAL,159.05,buy,100.0
11859723,ETH-15175339,1586650518450,1,159.1,ETH-PERPETUAL,159.05,buy,100.0
11859724,ETH-15175340,1586650518480,1,159.1,ETH-PERPETUAL,159.05,buy,200.0
11859725,ETH-15175341,1586650518482,1,159.1,ETH-PERPETUAL,159.05,buy,100.0
11859726,ETH-15175342,1586650518483,1,159.1,ETH-PERPETUAL,159.05,buy,100.0
11859727,ETH-15175343,1586650518484,1,159.1,ETH-PERPETUAL,159.05,buy,200.0
11859728,ETH-15175344,1586650518485,1,159.1,ETH-PERPETUAL,159.05,buy,400.0
11859729,ETH-15175345,1586650518487,1,159.1,ETH-PERPETUAL,159.05,buy,100.0
11859730,ETH-15175346,1586650518488,1,159.1,ETH-PERPETUAL,159.05,buy,300.0
11859731,ETH-15175347,1586650518489,1,159.1,ETH-PERPETUAL,159.05,buy,141.0
11859732,ETH-15175349,1586650528585,0,159.15,ETH-PERPETUAL,159.14,buy,98.0
11859733,ETH-15175350,1586650528585,1,159.15,ETH-PERPETUAL,159.14,buy,1600.0
11859734,ETH-15175351,1586650539878,1,159.15,ETH-PERPETUAL,159.12,sell,100.0
11859735,ETH-15175352,1586650539884,1,159.15,ETH-PERPETUAL,159.12,sell,262.0
11859736,ETH-15175353,1586650539892,1,159.15,ETH-PERPETUAL,159.12,sell,200.0
11859737,ETH-15175354,1586650539901,1,159.15,ETH-PERPETUAL,159.12,sell,500.0
11859738,ETH-15175355,1586650539903,1,159.15,ETH-PERPETUAL,159.12,sell,100.0
11859739,ETH-15175356,1586650539924,1,159.15,ETH-PERPETUAL,159.12,sell,3000.0
11859740,ETH-15175357,1586650539926,1,159.15,ETH-PERPETUAL,159.12,sell,3900.0
11859741,ETH-15175358,1586650539928,1,159.15,ETH-PERPETUAL,159.12,sell,100.0
11859742,ETH-15175359,1586650577696,1,159.15,ETH-PERPETUAL,159.14,sell,2040.0
11859743,ETH-15175365,1586650601500,0,159.2,ETH-PERPETUAL,159.16,buy,1.0
11859744,ETH-15175366,1586650601500,1,159.2,ETH-PERPETUAL,159.16,buy,1.0
11859745,ETH-15175367,1586650601500,1,159.2,ETH-PERPETUAL,159.16,buy,4.0
11859746,ETH-15175368,1586650601500,1,159.2,ETH-PERPETUAL,159.16,buy,2.0
11859747,ETH-15175369,1586650601500,1,159.2,ETH-PERPETUAL,159.16,buy,10.0
11859748,ETH-15175370,1586650642920,1,159.2,ETH-PERPETUAL,159.19,sell,100.0
11859749,ETH-15175379,1586650645092,1,159.2,ETH-PERPETUAL,159.18,sell,2.0
11859750,ETH-15175380,1586650645092,1,159.2,ETH-PERPETUAL,159.18,sell,16.0
11859751,ETH-15175381,1586650649142,1,159.2,ETH-PERPETUAL,159.15,sell,100.0
11859752,ETH-15175382,1586650649381,1,159.2,ETH-PERPETUAL,159.15,sell,100.0
11859753,ETH-15175383,1586650649384,1,159.2,ETH-PERPETUAL,159.15,sell,100.0
11859754,ETH-15175384,1586650649385,1,159.2,ETH-PERPETUAL,159.15,sell,100.0
11859755,ETH-15175385,1586650650495,1,159.2,ETH-PERPETUAL,159.15,sell,200.0
11859756,ETH-15175386,1586650650497,1,159.2,ETH-PERPETUAL,159.15,sell,154.0
11859757,ETH-15175387,1586650651984,2,159.15,ETH-PERPETUAL,159.15,sell,1699.0
11859758,ETH-15175388,1586650653281,3,159.15,ETH-PERPETUAL,159.14,sell,111.0
11859759,ETH-15175391,1586650653322,3,159.15,ETH-PERPETUAL,159.14,sell,2003.0
11859760,ETH-15175392,1586650653349,3,159.15,ETH-PERPETUAL,159.14,sell,400.0
11859761,ETH-15175393,1586650653350,3,159.15,ETH-PERPETUAL,159.14,sell,346.0
11859762,ETH-15175394,1586650653351,3,159.15,ETH-PERPETUAL,159.14,sell,100.0
11859763,ETH-15175395,1586650653362,3,159.15,ETH-PERPETUAL,159.14,sell,900.0
11859764,ETH-15175396,1586650653364,3,159.15,ETH-PERPETUAL,159.14,sell,100.0
11859765,ETH-15175397,1586650653460,3,159.15,ETH-PERPETUAL,159.14,sell,318.0
11859766,ETH-15175398,1586650653549,3,159.15,ETH-PERPETUAL,159.14,sell,181.0
11859767,ETH-15175399,1586650653712,3,159.15,ETH-PERPETUAL,159.14,sell,477.0
11859768,ETH-15175400,1586650653754,3,159.15,ETH-PERPETUAL,159.14,sell,200.0
11859769,ETH-15175401,1586650653756,3,159.15,ETH-PERPETUAL,159.14,sell,100.0
11859770,ETH-15175402,1586650653760,3,159.15,ETH-PERPETUAL,159.14,sell,300.0
11859771,ETH-15175403,1586650653766,3,159.15,ETH-PERPETUAL,159.14,sell,1386.0
11859772,ETH-15175404,1586650653766,3,159.15,ETH-PERPETUAL,159.14,sell,400.0
11859773,ETH-15175405,1586650653767,3,159.15,ETH-PERPETUAL,159.14,sell,100.0
11859774,ETH-15175406,1586650653835,3,159.15,ETH-PERPETUAL,159.14,sell,100.0
11859775,ETH-15175407,1586650653836,3,159.15,ETH-PERPETUAL,159.14,sell,100.0
11859776,ETH-15175408,1586650653844,3,159.15,ETH-PERPETUAL,159.14,sell,100.0
11859777,ETH-15175409,1586650653846,3,159.15,ETH-PERPETUAL,159.14,sell,300.0
11859778,ETH-15175410,1586650653850,3,159.15,ETH-PERPETUAL,159.14,sell,100.0
11859779,ETH-15175411,1586650653853,3,159.15,ETH-PERPETUAL,159.14,sell,618.0
11859780,ETH-15175412,1586650653855,3,159.15,ETH-PERPETUAL,159.14,sell,1591.0
11859781,ETH-15175413,1586650653857,3,159.15,ETH-PERPETUAL,159.14,sell,560.0
11859782,ETH-15175414,1586650653859,3,159.15,ETH-PERPETUAL,159.14,sell,100.0
11859783,ETH-15175415,1586650653860,3,159.15,ETH-PERPETUAL,159.14,sell,200.0
11859784,ETH-15175416,1586650653862,3,159.15,ETH-PERPETUAL,159.14,sell,200.0
11859785,ETH-15175417,1586650653868,3,159.15,ETH-PERPETUAL,159.14,sell,10.0
11859786,ETH-15175418,1586650653868,3,159.15,ETH-PERPETUAL,159.14,sell,90.0
11859787,ETH-15175419,1586650653873,3,159.15,ETH-PERPETUAL,159.14,sell,70.0
11859788,ETH-15175420,1586650653873,3,159.15,ETH-PERPETUAL,159.14,sell,70.0
11859789,ETH-15175421,1586650653873,3,159.15,ETH-PERPETUAL,159.14,sell,260.0
11859790,ETH-15175422,1586650653874,3,159.15,ETH-PERPETUAL,159.14,sell,100.0
11859791,ETH-15175423,1586650653875,3,159.15,ETH-PERPETUAL,159.14,sell,100.0
11859792,ETH-15175424,1586650653876,3,159.15,ETH-PERPETUAL,159.14,sell,100.0
11859793,ETH-15175425,1586650653877,3,159.15,ETH-PERPETUAL,159.14,sell,100.0
11859794,ETH-15175426,1586650653878,3,159.15,ETH-PERPETUAL,159.14,sell,110.0
11859795,ETH-15175427,1586650653882,2,159.1,ETH-PERPETUAL,159.14,sell,770.0
11859796,ETH-15175428,1586650654460,2,159.05,ETH-PERPETUAL,159.09,sell,770.0
11859797,ETH-15175429,1586650655051,2,159.0,ETH-PERPETUAL,159.09,sell,367.0
11859798,ETH-15175430,1586650655092,3,159.0,ETH-PERPETUAL,159.09,sell,403.0
11859799,ETH-15175431,1586650655092,3,159.0,ETH-PERPETUAL,159.09,sell,126.0
11859800,ETH-15175432,1586650655138,3,159.0,ETH-PERPETUAL,159.09,sell,780.0
11859801,ETH-15175433,1586650655155,3,159.0,ETH-PERPETUAL,159.09,sell,45.0
11859802,ETH-15175434,1586650655168,3,159.0,ETH-PERPETUAL,159.09,sell,500.0
11859803,ETH-15175435,1586650655286,3,159.0,ETH-PERPETUAL,159.09,sell,249.0
11859804,ETH-15175436,1586650668715,3,159.0,ETH-PERPETUAL,158.94,buy,100.0
11859805,ETH-15175437,1586650668716,3,159.0,ETH-PERPETUAL,158.94,buy,100.0
11859806,ETH-15175438,1586650668717,3,159.0,ETH-PERPETUAL,158.94,buy,100.0
11859807,ETH-15175439,1586650668718,3,159.0,ETH-PERPETUAL,158.94,buy,610.0
11859808,ETH-15175440,1586650668720,3,159.0,ETH-PERPETUAL,158.94,buy,100.0
11859809,ETH-15175441,1586650668721,3,159.0,ETH-PERPETUAL,158.94,buy,100.0
11859810,ETH-15175442,1586650668722,3,159.0,ETH-PERPETUAL,158.94,buy,100.0
11859811,ETH-15175443,1586650668723,3,159.0,ETH-PERPETUAL,158.94,buy,100.0
11859812,ETH-15175444,1586650668724,3,159.0,ETH-PERPETUAL,158.94,buy,100.0
11859813,ETH-15175445,1586650668753,3,159.0,ETH-PERPETUAL,158.94,buy,180.0
11859814,ETH-15175446,1586650668753,3,159.0,ETH-PERPETUAL,158.94,buy,20.0
11859815,ETH-15175447,1586650668766,3,159.0,ETH-PERPETUAL,158.94,buy,200.0
11859816,ETH-15175448,1586650668828,2,158.95,ETH-PERPETUAL,158.94,sell,5.0
11859817,ETH-15175449,1586650668828,3,158.95,ETH-PERPETUAL,158.94,sell,770.0
11859818,ETH-15175450,1586650668828,3,158.95,ETH-PERPETUAL,158.94,sell,6.0
11859819,ETH-15175451,1586650692434,0,159.0,ETH-PERPETUAL,158.95,buy,5.0
11859820,ETH-15175452,1586650692434,1,159.0,ETH-PERPETUAL,158.95,buy,1.0
11859821,ETH-15175453,1586650692434,1,159.0,ETH-PERPETUAL,158.95,buy,1.0
11859822,ETH-15175454,1586650692581,0,159.05,ETH-PERPETUAL,158.95,buy,100.0
11859823,ETH-15175455,1586650696890,1,159.05,ETH-PERPETUAL,158.99,sell,200.0
11859824,ETH-15175456,1586650696890,1,159.05,ETH-PERPETUAL,158.99,sell,100.0
11859825,ETH-15175457,1586650705856,1,159.05,ETH-PERPETUAL,159.02,sell,160.0
11859826,ETH-15175458,1586650707097,2,158.95,ETH-PERPETUAL,158.99,sell,2.0
11859827,ETH-15175459,1586650707097,3,158.95,ETH-PERPETUAL,158.99,sell,5.0
11859828,ETH-15175460,1586650707097,3,158.95,ETH-PERPETUAL,158.99,sell,10.0
11859829,ETH-15175461,1586650707097,3,158.95,ETH-PERPETUAL,158.99,sell,118.0
11859830,ETH-15175462,1586650707097,2,158.9,ETH-PERPETUAL,158.99,sell,1.0
11859831,ETH-15175463,1586650707097,3,158.9,ETH-PERPETUAL,158.99,sell,1023.0
11859832,ETH-15175464,1586650728310,3,158.9,ETH-PERPETUAL,158.92,sell,200.0
11859833,ETH-15175465,1586650761098,3,158.9,ETH-PERPETUAL,158.9,sell,570.0
11859834,ETH-15175466,1586650761098,3,158.9,ETH-PERPETUAL,158.9,sell,2.0
11859835,ETH-15175467,1586650761098,3,158.9,ETH-PERPETUAL,158.9,sell,500.0
11859836,ETH-15175468,1586650761098,3,158.9,ETH-PERPETUAL,158.9,sell,398.0
11859837,ETH-15175471,1586650793576,2,158.85,ETH-PERPETUAL,158.87,sell,1770.0
11859838,ETH-15175472,1586650793576,3,158.85,ETH-PERPETUAL,158.87,sell,1770.0
11859839,ETH-15175473,1586650793576,3,158.85,ETH-PERPETUAL,158.87,sell,500.0
11859840,ETH-15175474,1586650793576,3,158.85,ETH-PERPETUAL,158.87,sell,100.0
11859841,ETH-15175475,1586650793576,3,158.85,ETH-PERPETUAL,158.87,sell,40.0
11859842,ETH-15175476,1586650793576,3,158.85,ETH-PERPETUAL,158.87,sell,91.0
11859843,ETH-15175477,1586650794256,3,158.85,ETH-PERPETUAL,158.87,sell,4.0
11859844,ETH-15175478,1586650803336,2,158.8,ETH-PERPETUAL,158.86,sell,75.0
11859845,ETH-15175479,1586650804248,3,158.8,ETH-PERPETUAL,158.86,sell,196.0
11859846,ETH-15175483,1586650866340,3,158.8,ETH-PERPETUAL,158.77,sell,1499.0
11859847,ETH-15175484,1586650866340,3,158.8,ETH-PERPETUAL,158.77,sell,2.0
11859848,ETH-15175485,1586650866340,3,158.8,ETH-PERPETUAL,158.77,sell,2.0
11859849,ETH-15175486,1586650866340,2,158.75,ETH-PERPETUAL,158.77,sell,77.0
11859850,ETH-15175487,1586650867313,3,158.75,ETH-PERPETUAL,158.77,sell,781.0
11859851,ETH-15175501,1586650872167,3,158.75,ETH-PERPETUAL,158.75,sell,251.0
11859852,ETH-15175504,1586650872261,3,158.75,ETH-PERPETUAL,158.75,sell,500.0
11859853,ETH-15175505,1586650876031,3,158.75,ETH-PERPETUAL,158.71,sell,81.0
11859854,ETH-15175506,1586650876493,3,158.75,ETH-PERPETUAL,158.71,sell,80.0
11859855,ETH-15175507,1586650876493,3,158.75,ETH-PERPETUAL,158.71,sell,20.0
11859856,ETH-15175508,1586650876494,3,158.75,ETH-PERPETUAL,158.71,sell,90.0
11859857,ETH-15175509,1586650876494,3,158.75,ETH-PERPETUAL,158.71,sell,40.0
11859858,ETH-15175510,1586650877179,2,158.7,ETH-PERPETUAL,158.71,sell,365.0
11859859,ETH-15175511,1586650877505,3,158.7,ETH-PERPETUAL,158.71,sell,171.0
11859860,ETH-15175512,1586650879028,3,158.7,ETH-PERPETUAL,158.68,sell,48.0
11859861,ETH-15175513,1586650879554,3,158.7,ETH-PERPETUAL,158.68,sell,1186.0
11859862,ETH-15175514,1586650879554,2,158.65,ETH-PERPETUAL,158.68,sell,714.0
11859863,ETH-15175515,1586650879559,3,158.65,ETH-PERPETUAL,158.68,sell,1056.0
11859864,ETH-15175516,1586650879559,3,158.65,ETH-PERPETUAL,158.68,sell,370.0
11859865,ETH-15175517,1586650879912,3,158.65,ETH-PERPETUAL,158.68,sell,575.0
11859866,ETH-15175518,1586650887088,3,158.65,ETH-PERPETUAL,158.66,sell,825.0
11859867,ETH-15175519,1586650887088,3,158.65,ETH-PERPETUAL,158.66,sell,2.0
11859868,ETH-15175520,1586650887088,3,158.65,ETH-PERPETUAL,158.66,sell,200.0
11859869,ETH-15175521,1586650887088,2,158.6,ETH-PERPETUAL,158.66,sell,972.0
11859870,ETH-15175522,1586650887092,3,158.6,ETH-PERPETUAL,158.66,sell,300.0
11859871,ETH-15175523,1586650890969,3,158.6,ETH-PERPETUAL,158.66,sell,498.0
11859872,ETH-15175524,1586650890969,3,158.6,ETH-PERPETUAL,158.66,sell,1140.0
11859873,ETH-15175525,1586650899970,3,158.6,ETH-PERPETUAL,158.62,sell,2.0
11859874,ETH-15175526,1586650899970,3,158.6,ETH-PERPETUAL,158.62,sell,100.0
11859875,ETH-15175527,1586650899970,3,158.6,ETH-PERPETUAL,158.62,sell,800.0
11859876,ETH-15175528,1586650899970,2,158.55,ETH-PERPETUAL,158.62,sell,242.0
11859877,ETH-15175529,1586650910128,3,158.55,ETH-PERPETUAL,158.57,sell,900.0
11859878,ETH-15175530,1586650918606,0,158.6,ETH-PERPETUAL,158.6,buy,97.0
11859879,ETH-15175531,1586650918606,1,158.6,ETH-PERPETUAL,158.6,buy,1.0
11859880,ETH-15175532,1586650918606,1,158.6,ETH-PERPETUAL,158.6,buy,1.0
11859881,ETH-15175533,1586650918606,1,158.6,ETH-PERPETUAL,158.6,buy,115.0
11859882,ETH-15175534,1586650918774,0,158.65,ETH-PERPETUAL,158.6,buy,4197.0
11859883,ETH-15175535,1586650935333,2,158.6,ETH-PERPETUAL,158.59,sell,2.0
11859884,ETH-15175536,1586650935333,3,158.6,ETH-PERPETUAL,158.59,sell,20.0
11859885,ETH-15175537,1586650935333,3,158.6,ETH-PERPETUAL,158.59,sell,1.0
11859886,ETH-15175538,1586650937131,2,158.55,ETH-PERPETUAL,158.59,sell,420.0
11859887,ETH-15175539,1586650937543,0,158.6,ETH-PERPETUAL,158.58,buy,200.0
11859888,ETH-15175540,1586650937543,1,158.6,ETH-PERPETUAL,158.58,buy,300.0
11859889,ETH-15175541,1586650952481,2,158.55,ETH-PERPETUAL,158.55,sell,10.0
11859890,ETH-15175542,1586650961531,3,158.55,ETH-PERPETUAL,158.56,sell,10.0
11859891,ETH-15175543,1586650979972,3,158.55,ETH-PERPETUAL,158.56,sell,25.0
11859892,ETH-15175544,1586650983538,0,158.6,ETH-PERPETUAL,158.56,buy,84.0
11859893,ETH-15175545,1586650983538,1,158.6,ETH-PERPETUAL,158.56,buy,1.0
11859894,ETH-15175546,1586650983538,1,158.6,ETH-PERPETUAL,158.56,buy,1.0
11859895,ETH-15175548,1586650989122,0,158.65,ETH-PERPETUAL,158.6,sell,100.0
11859896,ETH-15175549,1586650989122,1,158.65,ETH-PERPETUAL,158.6,sell,200.0
11859897,ETH-15175550,1586650989122,1,158.65,ETH-PERPETUAL,158.6,sell,830.0
11859898,ETH-15175551,1586650992423,1,158.65,ETH-PERPETUAL,158.6,sell,25.0
11859899,ETH-15175552,1586650998813,1,158.65,ETH-PERPETUAL,158.62,sell,25.0
11859900,ETH-15175553,1586651003340,0,158.7,ETH-PERPETUAL,158.62,buy,1.0
11859901,ETH-15175554,1586651003340,1,158.7,ETH-PERPETUAL,158.62,buy,1.0
11859902,ETH-15175555,1586651003340,1,158.7,ETH-PERPETUAL,158.62,buy,65.0
11859903,ETH-15175556,1586651004973,1,158.7,ETH-PERPETUAL,158.66,sell,25.0
11859904,ETH-15175557,1586651012968,0,158.75,ETH-PERPETUAL,158.69,buy,45.0
11859905,ETH-15175558,1586651012968,1,158.75,ETH-PERPETUAL,158.69,buy,55.0
11859906,ETH-15175567,1586651023176,1,158.75,ETH-PERPETUAL,158.7,buy,23.0
11859907,ETH-15175576,1586651027723,1,158.75,ETH-PERPETUAL,158.71,sell,198.0
11859908,ETH-15175577,1586651036740,1,158.75,ETH-PERPETUAL,158.72,buy,200.0
11859909,ETH-15175578,1586651047089,1,158.75,ETH-PERPETUAL,158.74,buy,155.0
11859910,ETH-15175579,1586651047089,1,158.75,ETH-PERPETUAL,158.74,buy,16.0
11859911,ETH-15175580,1586651047089,1,158.75,ETH-PERPETUAL,158.74,buy,100.0
11859912,ETH-15175581,1586651047089,1,158.75,ETH-PERPETUAL,158.74,buy,600.0
11859913,ETH-15175582,1586651047089,0,158.8,ETH-PERPETUAL,158.74,buy,1.0
11859914,ETH-15175583,1586651047089,1,158.8,ETH-PERPETUAL,158.74,buy,1.0
11859915,ETH-15175584,1586651047089,1,158.8,ETH-PERPETUAL,158.74,buy,775.0
11859916,ETH-15175585,1586651047195,1,158.8,ETH-PERPETUAL,158.74,buy,125.0
11859917,ETH-15175586,1586651047195,1,158.8,ETH-PERPETUAL,158.74,buy,1523.0
11859918,ETH-15175587,1586651048252,1,158.8,ETH-PERPETUAL,158.74,buy,75.0
11859919,ETH-15175588,1586651056062,2,158.75,ETH-PERPETUAL,158.75,sell,11.0
11859920,ETH-15175589,1586651056062,3,158.75,ETH-PERPETUAL,158.75,sell,11.0
11859921,ETH-15175590,1586651069363,2,158.7,ETH-PERPETUAL,158.68,sell,160.0
11859922,ETH-15175591,1586651069363,3,158.7,ETH-PERPETUAL,158.68,sell,2.0
11859923,ETH-15175592,1586651069363,3,158.7,ETH-PERPETUAL,158.68,sell,40.0
11859924,ETH-15175593,1586651073279,2,158.65,ETH-PERPETUAL,158.64,sell,1.0
11859925,ETH-15175595,1586651078347,2,158.55,ETH-PERPETUAL,158.56,sell,163.0
11859926,ETH-15175596,1586651078347,3,158.55,ETH-PERPETUAL,158.56,sell,37.0
11859927,ETH-15175597,1586651083910,3,158.55,ETH-PERPETUAL,158.53,sell,120.0
11859928,ETH-15175598,1586651091737,3,158.55,ETH-PERPETUAL,158.5,sell,300.0
11859929,ETH-15175599,1586651091738,3,158.55,ETH-PERPETUAL,158.5,sell,100.0
11859930,ETH-15175600,1586651091741,3,158.55,ETH-PERPETUAL,158.5,sell,100.0
11859931,ETH-15175601,1586651091743,3,158.55,ETH-PERPETUAL,158.5,sell,100.0
11859932,ETH-15175602,1586651091746,3,158.55,ETH-PERPETUAL,158.5,sell,100.0
11859933,ETH-15175603,1586651092196,3,158.55,ETH-PERPETUAL,158.5,sell,100.0
11859934,ETH-15175604,1586651092208,3,158.55,ETH-PERPETUAL,158.5,sell,100.0
11859935,ETH-15175605,1586651092211,3,158.55,ETH-PERPETUAL,158.5,sell,200.0
11859936,ETH-15175606,1586651092213,3,158.55,ETH-PERPETUAL,158.5,sell,280.0
11859937,ETH-15175607,1586651092214,3,158.55,ETH-PERPETUAL,158.5,sell,233.0
11859938,ETH-15175608,1586651092214,3,158.55,ETH-PERPETUAL,158.5,sell,1.0
11859939,ETH-15175609,1586651118715,2,158.5,ETH-PERPETUAL,158.49,sell,30.0
11859940,ETH-15175610,1586651132296,0,158.55,ETH-PERPETUAL,158.47,buy,51.0
11859941,ETH-15175611,1586651132296,1,158.55,ETH-PERPETUAL,158.47,buy,449.0
11859942,ETH-15175612,1586651138293,2,158.5,ETH-PERPETUAL,158.47,sell,38.0
11859943,ETH-15175615,1586651177108,3,158.5,ETH-PERPETUAL,158.44,sell,266.0
11859944,ETH-15175617,1586651177110,3,158.5,ETH-PERPETUAL,158.44,sell,100.0
11859945,ETH-15175618,1586651177112,3,158.5,ETH-PERPETUAL,158.44,sell,100.0
11859946,ETH-15175619,1586651177113,3,158.5,ETH-PERPETUAL,158.44,sell,100.0
11859947,ETH-15175620,1586651177114,3,158.5,ETH-PERPETUAL,158.44,sell,300.0
11859948,ETH-15175621,1586651177115,3,158.5,ETH-PERPETUAL,158.44,sell,100.0
11859949,ETH-15175622,1586651177116,3,158.5,ETH-PERPETUAL,158.44,sell,100.0
11859950,ETH-15175623,1586651177125,3,158.5,ETH-PERPETUAL,158.44,sell,100.0
11859951,ETH-15175624,1586651177131,3,158.5,ETH-PERPETUAL,158.44,sell,100.0
11859952,ETH-15175625,1586651177141,3,158.5,ETH-PERPETUAL,158.44,sell,200.0
11859953,ETH-15175626,1586651177142,3,158.5,ETH-PERPETUAL,158.44,sell,100.0
11859954,ETH-15175627,1586651177164,3,158.5,ETH-PERPETUAL,158.44,sell,100.0
11859955,ETH-15175628,1586651177165,3,158.5,ETH-PERPETUAL,158.44,sell,36.0
11859956,ETH-15175629,1586651177165,3,158.5,ETH-PERPETUAL,158.44,sell,2.0
11859957,ETH-15175630,1586651177165,3,158.5,ETH-PERPETUAL,158.44,sell,1.0
11859958,ETH-15175631,1586651177463,2,158.45,ETH-PERPETUAL,158.44,sell,516.0
11859959,ETH-15175632,1586651178195,3,158.45,ETH-PERPETUAL,158.42,sell,1254.0
11859960,ETH-15175633,1586651178195,3,158.45,ETH-PERPETUAL,158.42,sell,1770.0
11859961,ETH-15175634,1586651178195,3,158.45,ETH-PERPETUAL,158.42,sell,110.0
11859962,ETH-15175635,1586651178195,3,158.45,ETH-PERPETUAL,158.42,sell,50.0
11859963,ETH-15175636,1586651178660,2,158.4,ETH-PERPETUAL,158.42,sell,1704.0
11859964,ETH-15175637,1586651184116,3,158.4,ETH-PERPETUAL,158.37,sell,66.0
11859965,ETH-15175638,1586651184116,3,158.4,ETH-PERPETUAL,158.37,sell,1633.0
11859966,ETH-15175639,1586651185799,3,158.4,ETH-PERPETUAL,158.37,sell,137.0
11859967,ETH-15175640,1586651185799,3,158.4,ETH-PERPETUAL,158.37,sell,100.0
11859968,ETH-15175641,1586651185799,3,158.4,ETH-PERPETUAL,158.37,sell,1.0
11859969,ETH-15175642,1586651189931,3,158.4,ETH-PERPETUAL,158.34,buy,100.0
11859970,ETH-15175643,1586651189932,3,158.4,ETH-PERPETUAL,158.34,buy,100.0
11859971,ETH-15175644,1586651189945,3,158.4,ETH-PERPETUAL,158.34,buy,139.0
11859972,ETH-15175645,1586651190194,3,158.4,ETH-PERPETUAL,158.34,buy,200.0
11859973,ETH-15175646,1586651190206,3,158.4,ETH-PERPETUAL,158.34,buy,200.0
11859974,ETH-15175647,1586651190208,3,158.4,ETH-PERPETUAL,158.34,buy,400.0
11859975,ETH-15175648,1586651190268,3,158.4,ETH-PERPETUAL,158.34,buy,70.0
11859976,ETH-15175649,1586651216862,3,158.4,ETH-PERPETUAL,158.37,sell,1.0
11859977,ETH-15175650,1586651216862,3,158.4,ETH-PERPETUAL,158.37,sell,184.0
11859978,ETH-15175651,1586651234160,3,158.4,ETH-PERPETUAL,158.34,sell,1.0
11859979,ETH-15175652,1586651234160,3,158.4,ETH-PERPETUAL,158.34,sell,2.0
11859980,ETH-15175653,1586651234160,2,158.35,ETH-PERPETUAL,158.34,sell,11.0
11859981,ETH-15175654,1586651234160,3,158.35,ETH-PERPETUAL,158.34,sell,8.0
11859982,ETH-15175655,1586651234160,3,158.35,ETH-PERPETUAL,158.34,sell,34.0
11859983,ETH-15175656,1586651234160,3,158.35,ETH-PERPETUAL,158.34,sell,504.0
11859984,ETH-15175657,1586651248210,3,158.35,ETH-PERPETUAL,158.33,sell,1266.0
11859985,ETH-15175658,1586651248210,3,158.35,ETH-PERPETUAL,158.33,sell,50.0
11859986,ETH-15175659,1586651248210,3,158.35,ETH-PERPETUAL,158.33,sell,20.0
11859987,ETH-15175660,1586651248210,3,158.35,ETH-PERPETUAL,158.33,sell,1.0
11859988,ETH-15175661,1586651248210,3,158.35,ETH-PERPETUAL,158.33,sell,100.0
11859989,ETH-15175662,1586651248210,2,158.3,ETH-PERPETUAL,158.33,sell,1733.0
11859990,ETH-15175663,1586651273705,3,158.3,ETH-PERPETUAL,158.27,sell,5.0
11859991,ETH-15175665,1586651276587,3,158.3,ETH-PERPETUAL,158.26,sell,32.0
11859992,ETH-15175666,1586651276587,3,158.3,ETH-PERPETUAL,158.26,sell,738.0
11859993,ETH-15175667,1586651276647,3,158.3,ETH-PERPETUAL,158.26,sell,1032.0
11859994,ETH-15175668,1586651276647,3,158.3,ETH-PERPETUAL,158.26,sell,967.0
11859995,ETH-15175669,1586651276654,3,158.3,ETH-PERPETUAL,158.26,sell,158.0
11859996,ETH-15175670,1586651276679,3,158.3,ETH-PERPETUAL,158.24,sell,645.0
11859997,ETH-15175671,1586651276679,3,158.3,ETH-PERPETUAL,158.24,sell,1.0
11859998,ETH-15175672,1586651276679,2,158.25,ETH-PERPETUAL,158.24,sell,45.0
11859999,ETH-15175673,1586651276679,3,158.25,ETH-PERPETUAL,158.24,sell,1086.0
11860000,ETH-15175674,1586651276727,3,158.25,ETH-PERPETUAL,158.24,sell,684.0
11860001,ETH-15175675,1586651276727,3,158.25,ETH-PERPETUAL,158.24,sell,1023.0
11860002,ETH-15175676,1586651277794,3,158.25,ETH-PERPETUAL,158.22,sell,501.0
11860003,ETH-15175677,1586651277829,3,158.25,ETH-PERPETUAL,158.22,sell,246.0
11860004,ETH-15175678,1586651277829,3,158.25,ETH-PERPETUAL,158.22,sell,50.0
11860005,ETH-15175679,1586651277829,2,158.2,ETH-PERPETUAL,158.22,sell,326.0
11860006,ETH-15175680,1586651282494,3,158.2,ETH-PERPETUAL,158.19,sell,97.0
11860007,ETH-15175681,1586651282533,3,158.2,ETH-PERPETUAL,158.19,sell,1347.0
11860008,ETH-15175682,1586651282533,3,158.2,ETH-PERPETUAL,158.19,sell,100.0
11860009,ETH-15175683,1586651282533,3,158.2,ETH-PERPETUAL,158.19,sell,2.0
11860010,ETH-15175684,1586651282533,3,158.2,ETH-PERPETUAL,158.19,sell,1.0
11860011,ETH-15175695,1586651288824,3,158.2,ETH-PERPETUAL,158.18,buy,82.0
11860012,ETH-15175696,1586651288824,3,158.2,ETH-PERPETUAL,158.18,buy,1579.0
11860013,ETH-15175697,1586651288985,3,158.2,ETH-PERPETUAL,158.18,sell,1800.0
11860014,ETH-15175698,1586651288985,3,158.2,ETH-PERPETUAL,158.18,sell,3000.0
11860015,ETH-15175699,1586651290385,3,158.2,ETH-PERPETUAL,158.18,sell,200.0
11860016,ETH-15175700,1586651290385,3,158.2,ETH-PERPETUAL,158.18,sell,1200.0
11860017,ETH-15175701,1586651292659,0,158.25,ETH-PERPETUAL,158.18,buy,10.0
11860018,ETH-15175702,1586651292749,1,158.25,ETH-PERPETUAL,158.18,sell,1500.0
11860019,ETH-15175703,1586651292749,1,158.25,ETH-PERPETUAL,158.18,sell,300.0
11860020,ETH-15175704,1586651292749,1,158.25,ETH-PERPETUAL,158.18,sell,100.0
11860021,ETH-15175705,1586651292839,1,158.25,ETH-PERPETUAL,158.19,sell,839.0
11860022,ETH-15175706,1586651294965,1,158.25,ETH-PERPETUAL,158.23,sell,450.0
11860023,ETH-15175707,1586651294965,1,158.25,ETH-PERPETUAL,158.23,sell,310.0
11860024,ETH-15175708,1586651294965,1,158.25,ETH-PERPETUAL,158.23,sell,642.0
11860025,ETH-15175709,1586651294965,1,158.25,ETH-PERPETUAL,158.23,sell,1.0
11860026,ETH-15175710,1586651296780,1,158.25,ETH-PERPETUAL,158.26,sell,2000.0
11860027,ETH-15175711,1586651296780,1,158.25,ETH-PERPETUAL,158.26,sell,116.0
11860028,ETH-15175712,1586651299908,1,158.25,ETH-PERPETUAL,158.29,sell,530.0
11860029,ETH-15175713,1586651299908,1,158.25,ETH-PERPETUAL,158.29,sell,1800.0
11860030,ETH-15175714,1586651299908,1,158.25,ETH-PERPETUAL,158.29,sell,1.0
11860031,ETH-15175715,1586651306501,1,158.25,ETH-PERPETUAL,158.29,sell,10.0
11860032,ETH-15175716,1586651306501,1,158.25,ETH-PERPETUAL,158.29,sell,1.0
11860033,ETH-15175717,1586651311059,2,158.2,ETH-PERPETUAL,158.25,sell,1000.0
11860034,ETH-15175718,1586651317031,3,158.2,ETH-PERPETUAL,158.25,sell,1100.0
11860035,ETH-15175719,1586651317031,3,158.2,ETH-PERPETUAL,158.25,sell,10.0
11860036,ETH-15175720,1586651318976,3,158.2,ETH-PERPETUAL,158.25,buy,300.0
11860037,ETH-15175721,1586651318976,3,158.2,ETH-PERPETUAL,158.25,buy,200.0
11860038,ETH-15175722,1586651318976,3,158.2,ETH-PERPETUAL,158.25,buy,100.0
11860039,ETH-15175724,1586651340291,3,158.2,ETH-PERPETUAL,158.24,buy,500.0
11860040,ETH-15175727,1586651376692,0,158.25,ETH-PERPETUAL,158.25,buy,130.0
11860041,ETH-15175728,1586651376692,1,158.25,ETH-PERPETUAL,158.25,buy,66.0
11860042,ETH-15175729,1586651376692,1,158.25,ETH-PERPETUAL,158.25,buy,1.0
11860043,ETH-15175730,1586651377672,0,158.3,ETH-PERPETUAL,158.27,buy,1.0
11860044,ETH-15175731,1586651383445,0,158.35,ETH-PERPETUAL,158.36,buy,1.0
11860045,ETH-15175732,1586651383445,1,158.35,ETH-PERPETUAL,158.36,buy,1.0
11860046,ETH-15175733,1586651383445,1,158.35,ETH-PERPETUAL,158.36,buy,1.0
11860047,ETH-15175734,1586651386881,0,158.4,ETH-PERPETUAL,158.39,buy,1.0
11860048,ETH-15175735,1586651386881,1,158.4,ETH-PERPETUAL,158.39,buy,48.0
11860049,ETH-15175736,1586651386881,1,158.4,ETH-PERPETUAL,158.39,buy,1.0
11860050,ETH-15175737,1586651387066,0,158.45,ETH-PERPETUAL,158.39,buy,1.0
11860051,ETH-15175738,1586651387632,1,158.45,ETH-PERPETUAL,158.42,sell,100.0
11860052,ETH-15175739,1586651387632,1,158.45,ETH-PERPETUAL,158.42,sell,700.0
11860053,ETH-15175740,1586651387632,1,158.45,ETH-PERPETUAL,158.42,sell,100.0
11860054,ETH-15175741,1586651387632,1,158.45,ETH-PERPETUAL,158.42,sell,200.0
11860055,ETH-15175742,1586651388708,1,158.45,ETH-PERPETUAL,158.42,buy,600.0
11860056,ETH-15175743,1586651388708,1,158.45,ETH-PERPETUAL,158.42,buy,29.0
11860057,ETH-15175744,1586651388708,1,158.45,ETH-PERPETUAL,158.42,buy,151.0
11860058,ETH-15175745,1586651399271,1,158.45,ETH-PERPETUAL,158.51,sell,1.0
11860059,ETH-15175746,1586651399271,1,158.45,ETH-PERPETUAL,158.51,sell,299.0
11860060,ETH-15175747,1586651399283,1,158.45,ETH-PERPETUAL,158.51,sell,181.0
11860061,ETH-15175748,1586651404691,0,158.5,ETH-PERPETUAL,158.5,buy,1.0
11860062,ETH-15175749,1586651404691,1,158.5,ETH-PERPETUAL,158.5,buy,1.0
11860063,ETH-15175750,1586651404776,0,158.55,ETH-PERPETUAL,158.5,buy,1.0
11860064,ETH-15175751,1586651406528,0,158.6,ETH-PERPETUAL,158.56,buy,1.0
11860065,ETH-15175752,1586651406528,1,158.6,ETH-PERPETUAL,158.56,buy,1.0
11860066,ETH-15175753,1586651406528,1,158.6,ETH-PERPETUAL,158.56,buy,18.0
11860067,ETH-15175754,1586651406710,1,158.6,ETH-PERPETUAL,158.57,buy,20.0
11860068,ETH-15175755,1586651409984,2,158.55,ETH-PERPETUAL,158.65,sell,20.0
11860069,ETH-15175756,1586651409984,3,158.55,ETH-PERPETUAL,158.65,sell,115.0
11860070,ETH-15175757,1586651409986,3,158.55,ETH-PERPETUAL,158.65,sell,200.0
11860071,ETH-15175758,1586651409987,3,158.55,ETH-PERPETUAL,158.65,sell,100.0
11860072,ETH-15175759,1586651409988,3,158.55,ETH-PERPETUAL,158.65,sell,100.0
11860073,ETH-15175760,1586651409990,3,158.55,ETH-PERPETUAL,158.65,sell,106.0
11860074,ETH-15175761,1586651410949,2,158.5,ETH-PERPETUAL,158.63,buy,527.0
11860075,ETH-15175762,1586651417336,0,158.55,ETH-PERPETUAL,158.6,buy,1.0
11860076,ETH-15175763,1586651429883,0,158.6,ETH-PERPETUAL,158.66,buy,1.0
11860077,ETH-15175765,1586651466910,2,158.55,ETH-PERPETUAL,158.65,sell,20.0
11860078,ETH-15175766,1586651466910,3,158.55,ETH-PERPETUAL,158.65,sell,20.0
11860079,ETH-15175767,1586651466910,3,158.55,ETH-PERPETUAL,158.65,sell,19.0
11860080,ETH-15175768,1586651466910,3,158.55,ETH-PERPETUAL,158.65,sell,160.0
11860081,ETH-15175769,1586651466910,3,158.55,ETH-PERPETUAL,158.65,sell,2.0
11860082,ETH-15175770,1586651466910,3,158.55,ETH-PERPETUAL,158.65,sell,80.0
11860083,ETH-15175773,1586651490390,2,158.45,ETH-PERPETUAL,158.53,sell,2.0
11860084,ETH-15175774,1586651490390,3,158.45,ETH-PERPETUAL,158.53,sell,4.0
11860085,ETH-15175775,1586651490390,3,158.45,ETH-PERPETUAL,158.53,sell,2.0
11860086,ETH-15175776,1586651513843,2,158.4,ETH-PERPETUAL,158.47,sell,20.0
11860087,ETH-15175777,1586651513843,3,158.4,ETH-PERPETUAL,158.47,sell,1.0
11860088,ETH-15175778,1586651513843,3,158.4,ETH-PERPETUAL,158.47,sell,2.0
11860089,ETH-15175779,1586651513843,3,158.4,ETH-PERPETUAL,158.47,sell,1.0
11860090,ETH-15175780,1586651516287,2,158.35,ETH-PERPETUAL,158.46,buy,60.0
11860091,ETH-15175781,1586651531821,3,158.35,ETH-PERPETUAL,158.4,buy,8.0
11860092,ETH-15175782,1586651578734,2,158.3,ETH-PERPETUAL,158.38,sell,1.0
11860093,ETH-15175783,1586651578734,3,158.3,ETH-PERPETUAL,158.38,sell,2.0
11860094,ETH-15175784,1586651578734,3,158.3,ETH-PERPETUAL,158.38,sell,20.0
11860095,ETH-15175785,1586651578734,3,158.3,ETH-PERPETUAL,158.38,sell,1.0
11860096,ETH-15175786,1586651578734,3,158.3,ETH-PERPETUAL,158.38,sell,50.0
11860097,ETH-15175787,1586651591821,2,158.25,ETH-PERPETUAL,158.33,sell,20.0
11860098,ETH-15175788,1586651591821,3,158.25,ETH-PERPETUAL,158.33,sell,20.0
11860099,ETH-15175789,1586651591821,3,158.25,ETH-PERPETUAL,158.33,sell,1.0
11860100,ETH-15175790,1586651591821,3,158.25,ETH-PERPETUAL,158.33,sell,2.0
11860101,ETH-15175791,1586651591821,3,158.25,ETH-PERPETUAL,158.33,sell,30.0
11860102,ETH-15175792,1586651593120,2,158.2,ETH-PERPETUAL,158.31,sell,148.0
11860103,ETH-15175793,1586651599280,2,158.15,ETH-PERPETUAL,158.23,sell,30.0
11860104,ETH-15175794,1586651599280,3,158.15,ETH-PERPETUAL,158.23,sell,760.0
11860105,ETH-15175795,1586651618417,3,158.15,ETH-PERPETUAL,158.22,sell,1010.0
11860106,ETH-15175796,1586651618417,3,158.15,ETH-PERPETUAL,158.22,sell,1.0
11860107,ETH-15175797,1586651621736,2,158.1,ETH-PERPETUAL,158.19,sell,30.0
11860108,ETH-15175798,1586651621736,3,158.1,ETH-PERPETUAL,158.19,sell,1664.0
11860109,ETH-15175799,1586651621739,3,158.1,ETH-PERPETUAL,158.19,sell,106.0
11860110,ETH-15175800,1586651621739,3,158.1,ETH-PERPETUAL,158.19,sell,394.0
11860111,ETH-15175801,1586651633328,3,158.1,ETH-PERPETUAL,158.16,sell,100.0
11860112,ETH-15175802,1586651633330,3,158.1,ETH-PERPETUAL,158.16,sell,100.0
11860113,ETH-15175803,1586651633331,3,158.1,ETH-PERPETUAL,158.16,sell,271.0
11860114,ETH-15175804,1586651633332,3,158.1,ETH-PERPETUAL,158.16,sell,100.0
11860115,ETH-15175805,1586651633333,3,158.1,ETH-PERPETUAL,158.16,sell,100.0
11860116,ETH-15175806,1586651633334,3,158.1,ETH-PERPETUAL,158.16,sell,100.0
11860117,ETH-15175807,1586651633336,3,158.1,ETH-PERPETUAL,158.16,sell,100.0
11860118,ETH-15175808,1586651633337,3,158.1,ETH-PERPETUAL,158.16,sell,100.0
11860119,ETH-15175809,1586651633338,3,158.1,ETH-PERPETUAL,158.16,sell,300.0
11860120,ETH-15175810,1586651633339,3,158.1,ETH-PERPETUAL,158.16,sell,105.0
11860121,ETH-15175811,1586651633339,3,158.1,ETH-PERPETUAL,158.16,sell,1.0
11860122,ETH-15175812,1586651633339,3,158.1,ETH-PERPETUAL,158.16,sell,1.0
11860123,ETH-15175813,1586651633339,3,158.1,ETH-PERPETUAL,158.16,sell,20.0
11860124,ETH-15175814,1586651633339,3,158.1,ETH-PERPETUAL,158.16,sell,1.0
11860125,ETH-15175816,1586651633825,2,158.05,ETH-PERPETUAL,158.16,sell,30.0
11860126,ETH-15175817,1586651633825,3,158.05,ETH-PERPETUAL,158.16,sell,870.0
11860127,ETH-15175818,1586651633826,3,158.05,ETH-PERPETUAL,158.16,sell,900.0
11860128,ETH-15175819,1586651633826,3,158.05,ETH-PERPETUAL,158.16,sell,1100.0
11860129,ETH-15175820,1586651633828,3,158.05,ETH-PERPETUAL,158.16,sell,572.0
11860130,ETH-15175821,1586651633829,3,158.05,ETH-PERPETUAL,158.16,sell,98.0
11860131,ETH-15175822,1586651633829,3,158.05,ETH-PERPETUAL,158.16,sell,2.0
11860132,ETH-15175823,1586651633831,3,158.05,ETH-PERPETUAL,158.16,sell,3.0
11860133,ETH-15175824,1586651633831,3,158.05,ETH-PERPETUAL,158.16,sell,1.0
11860134,ETH-15175825,1586651647857,3,158.05,ETH-PERPETUAL,158.11,buy,104.0
11860135,ETH-15175826,1586651647859,3,158.05,ETH-PERPETUAL,158.11,buy,36.0
11860136,ETH-15175827,1586651647859,3,158.05,ETH-PERPETUAL,158.11,buy,1.0
11860137,ETH-15175828,1586651647859,3,158.05,ETH-PERPETUAL,158.11,buy,72.0
11860138,ETH-15175829,1586651655074,0,158.1,ETH-PERPETUAL,158.13,buy,10.0
11860139,ETH-15175830,1586651760535,1,158.1,ETH-PERPETUAL,158.13,buy,57.0
11860140,ETH-15175831,1586651760535,1,158.1,ETH-PERPETUAL,158.13,buy,23.0
11860141,ETH-15175832,1586651787745,2,158.05,ETH-PERPETUAL,158.14,sell,5.0
11860142,ETH-15175833,1586651787745,3,158.05,ETH-PERPETUAL,158.14,sell,1.0
11860143,ETH-15175834,1586651787745,3,158.05,ETH-PERPETUAL,158.14,sell,2.0
11860144,ETH-15175835,1586651787745,3,158.05,ETH-PERPETUAL,158.14,sell,1066.0
11860145,ETH-15175836,1586651787747,3,158.05,ETH-PERPETUAL,158.14,sell,1934.0
11860146,ETH-15175837,1586651787747,3,158.05,ETH-PERPETUAL,158.14,sell,1158.0
11860147,ETH-15175840,1586651877908,3,158.05,ETH-PERPETUAL,158.06,sell,780.0
11860148,ETH-15175841,1586651877910,3,158.05,ETH-PERPETUAL,158.06,sell,600.0
11860149,ETH-15175842,1586651877911,3,158.05,ETH-PERPETUAL,158.06,sell,300.0
11860150,ETH-15175843,1586651877912,3,158.05,ETH-PERPETUAL,158.06,sell,162.0
11860151,ETH-15175844,1586651877912,3,158.05,ETH-PERPETUAL,158.06,sell,310.0
11860152,ETH-15175845,1586651877912,3,158.05,ETH-PERPETUAL,158.06,sell,1.0
11860153,ETH-15175846,1586651877912,3,158.05,ETH-PERPETUAL,158.06,sell,1.0
11860154,ETH-15175847,1586651877912,3,158.05,ETH-PERPETUAL,158.06,sell,2.0
11860155,ETH-15175848,1586651881162,2,158.0,ETH-PERPETUAL,158.05,sell,30.0
11860156,ETH-15175849,1586651881162,3,158.0,ETH-PERPETUAL,158.05,sell,1170.0
11860157,ETH-15175850,1586651881634,3,158.0,ETH-PERPETUAL,158.05,sell,600.0
11860158,ETH-15175851,1586651881634,3,158.0,ETH-PERPETUAL,158.05,sell,1770.0
11860159,ETH-15175852,1586651881634,3,158.0,ETH-PERPETUAL,158.05,sell,1.0
11860160,ETH-15175853,1586651881634,3,158.0,ETH-PERPETUAL,158.05,sell,310.0
11860161,ETH-15175854,1586651881634,3,158.0,ETH-PERPETUAL,158.05,sell,80.0
11860162,ETH-15175855,1586651881634,3,158.0,ETH-PERPETUAL,158.05,sell,270.0
11860163,ETH-15175856,1586651881634,3,158.0,ETH-PERPETUAL,158.05,sell,2.0
11860164,ETH-15175857,1586651906731,2,157.95,ETH-PERPETUAL,157.97,sell,8.0
11860165,ETH-15175861,1586651913465,3,157.95,ETH-PERPETUAL,157.97,sell,22.0
11860166,ETH-15175862,1586651913465,3,157.95,ETH-PERPETUAL,157.97,sell,198.0
11860167,ETH-15175863,1586651913467,3,157.95,ETH-PERPETUAL,157.97,sell,300.0
11860168,ETH-15175864,1586651913468,3,157.95,ETH-PERPETUAL,157.97,sell,300.0
11860169,ETH-15175865,1586651913469,3,157.95,ETH-PERPETUAL,157.97,sell,100.0
11860170,ETH-15175866,1586651913906,3,157.95,ETH-PERPETUAL,157.97,sell,872.0
11860171,ETH-15175867,1586651913906,3,157.95,ETH-PERPETUAL,157.97,sell,2.0
11860172,ETH-15175868,1586651913906,3,157.95,ETH-PERPETUAL,157.97,sell,20.0
11860173,ETH-15175869,1586651913906,3,157.95,ETH-PERPETUAL,157.97,sell,20.0
11860174,ETH-15175870,1586651913906,3,157.95,ETH-PERPETUAL,157.97,sell,300.0
11860175,ETH-15175871,1586651913906,3,157.95,ETH-PERPETUAL,157.97,sell,1.0
11860176,ETH-15175872,1586651913906,3,157.95,ETH-PERPETUAL,157.97,sell,20.0
11860177,ETH-15175873,1586651913906,3,157.95,ETH-PERPETUAL,157.97,sell,70.0
11860178,ETH-15175877,1586651961538,2,157.9,ETH-PERPETUAL,157.87,sell,10.0
11860179,ETH-15175878,1586651969499,3,157.9,ETH-PERPETUAL,157.84,sell,20.0
11860180,ETH-15175879,1586651969499,3,157.9,ETH-PERPETUAL,157.84,sell,1716.0
11860181,ETH-15175880,1586651969533,3,157.9,ETH-PERPETUAL,157.84,sell,54.0
11860182,ETH-15175881,1586651969533,3,157.9,ETH-PERPETUAL,157.84,sell,209.0
11860183,ETH-15175882,1586651973793,0,157.95,ETH-PERPETUAL,157.84,buy,1.0
11860184,ETH-15175883,1586651974435,2,157.9,ETH-PERPETUAL,157.84,sell,1073.0
11860185,ETH-15175884,1586651974465,3,157.9,ETH-PERPETUAL,157.84,sell,488.0
11860186,ETH-15175885,1586651974465,3,157.9,ETH-PERPETUAL,157.84,sell,1.0
11860187,ETH-15175886,1586651974465,3,157.9,ETH-PERPETUAL,157.84,sell,2.0
11860188,ETH-15175887,1586651974465,3,157.9,ETH-PERPETUAL,157.84,sell,50.0
11860189,ETH-15175888,1586651974465,3,157.9,ETH-PERPETUAL,157.84,sell,20.0
11860190,ETH-15175891,1586651993588,3,157.9,ETH-PERPETUAL,157.87,buy,1.0
11860191,ETH-15175893,1586652005661,3,157.9,ETH-PERPETUAL,157.86,buy,98.0
11860192,ETH-15175895,1586652006615,3,157.9,ETH-PERPETUAL,157.86,sell,100.0
11860193,ETH-15175896,1586652006714,0,157.95,ETH-PERPETUAL,157.86,buy,135.0
11860194,ETH-15175897,1586652006714,1,157.95,ETH-PERPETUAL,157.86,buy,1.0
11860195,ETH-15175901,1586652007172,0,158.0,ETH-PERPETUAL,157.89,buy,1.0
11860196,ETH-15175902,1586652007987,1,158.0,ETH-PERPETUAL,157.92,sell,68.0
11860197,ETH-15175903,1586652007987,1,158.0,ETH-PERPETUAL,157.92,sell,88.0
11860198,ETH-15175904,1586652014057,0,158.05,ETH-PERPETUAL,158.0,buy,1.0
11860199,ETH-15175905,1586652014057,1,158.05,ETH-PERPETUAL,158.0,buy,57.0
11860200,ETH-15175906,1586652014654,0,158.1,ETH-PERPETUAL,158.0,buy,1.0
11860201,ETH-15175907,1586652021991,0,158.15,ETH-PERPETUAL,158.11,buy,1.0
11860202,ETH-15175908,1586652021991,1,158.15,ETH-PERPETUAL,158.11,buy,12.0
11860203,ETH-15175909,1586652041312,2,158.1,ETH-PERPETUAL,158.12,buy,100.0
11860204,ETH-15175910,1586652041312,3,158.1,ETH-PERPETUAL,158.12,buy,200.0
11860205,ETH-15175911,1586652041312,3,158.1,ETH-PERPETUAL,158.12,buy,7.0
11860206,ETH-15175912,1586652045670,0,158.15,ETH-PERPETUAL,158.14,buy,19.0
11860207,ETH-15175922,1586652071808,1,158.15,ETH-PERPETUAL,158.15,buy,1581.0
11860208,ETH-15175923,1586652071808,1,158.15,ETH-PERPETUAL,158.15,buy,1.0
11860209,ETH-15175924,1586652071808,1,158.15,ETH-PERPETUAL,158.15,buy,6.0
11860210,ETH-15175925,1586652086412,0,158.2,ETH-PERPETUAL,158.18,buy,1.0
11860211,ETH-15175926,1586652086412,1,158.2,ETH-PERPETUAL,158.18,buy,20.0
11860212,ETH-15175927,1586652086412,1,158.2,ETH-PERPETUAL,158.18,buy,20.0
11860213,ETH-15175928,1586652086412,1,158.2,ETH-PERPETUAL,158.18,buy,1.0
11860214,ETH-15175929,1586652086412,1,158.2,ETH-PERPETUAL,158.18,buy,100.0
11860215,ETH-15175930,1586652086412,1,158.2,ETH-PERPETUAL,158.18,buy,400.0
11860216,ETH-15175931,1586652086412,1,158.2,ETH-PERPETUAL,158.18,buy,1058.0
11860217,ETH-15175932,1586652107727,0,158.25,ETH-PERPETUAL,158.18,buy,1.0
11860218,ETH-15175933,1586652107727,1,158.25,ETH-PERPETUAL,158.18,buy,1582.0
11860219,ETH-15175934,1586652107727,1,158.25,ETH-PERPETUAL,158.18,buy,3.0
11860220,ETH-15175935,1586652107727,1,158.25,ETH-PERPETUAL,158.18,buy,1.0
11860221,ETH-15175936,1586652107727,1,158.25,ETH-PERPETUAL,158.18,buy,1.0
11860222,ETH-15175937,1586652107727,1,158.25,ETH-PERPETUAL,158.18,buy,12.0
11860223,ETH-15175938,1586652115659,2,158.2,ETH-PERPETUAL,158.16,sell,4090.0
11860224,ETH-15175939,1586652116594,3,158.2,ETH-PERPETUAL,158.15,sell,2190.0
11860225,ETH-15175940,1586652117084,3,158.2,ETH-PERPETUAL,158.15,sell,10320.0
11860226,ETH-15175941,1586652117114,3,158.2,ETH-PERPETUAL,158.15,sell,1893.0
11860227,ETH-15175942,1586652117600,3,158.2,ETH-PERPETUAL,158.15,sell,1936.0
11860228,ETH-15175943,1586652117619,3,158.2,ETH-PERPETUAL,158.15,sell,1475.0
11860229,ETH-15175944,1586652117633,3,158.2,ETH-PERPETUAL,158.15,sell,1525.0
11860230,ETH-15175945,1586652118018,3,158.2,ETH-PERPETUAL,158.15,sell,8470.0
11860231,ETH-15175946,1586652118940,3,158.2,ETH-PERPETUAL,158.14,sell,1570.0
11860232,ETH-15175947,1586652123684,3,158.2,ETH-PERPETUAL,158.12,sell,203.0
11860233,ETH-15175948,1586652133362,3,158.2,ETH-PERPETUAL,158.13,sell,157.0
11860234,ETH-15175949,1586652161009,3,158.2,ETH-PERPETUAL,158.14,sell,780.0
11860235,ETH-15175950,1586652166476,3,158.2,ETH-PERPETUAL,158.15,sell,2196.0
11860236,ETH-15175951,1586652166490,3,158.2,ETH-PERPETUAL,158.15,sell,25.0
11860237,ETH-15175952,1586652166490,3,158.2,ETH-PERPETUAL,158.15,sell,2.0
11860238,ETH-15175953,1586652193574,3,158.2,ETH-PERPETUAL,158.16,buy,100.0
11860239,ETH-15175954,1586652193576,3,158.2,ETH-PERPETUAL,158.16,buy,300.0
11860240,ETH-15175955,1586652193577,3,158.2,ETH-PERPETUAL,158.16,buy,554.0
11860241,ETH-15175956,1586652193579,3,158.2,ETH-PERPETUAL,158.16,buy,100.0
11860242,ETH-15175957,1586652193580,3,158.2,ETH-PERPETUAL,158.16,buy,100.0
11860243,ETH-15175958,1586652193581,3,158.2,ETH-PERPETUAL,158.16,buy,100.0
11860244,ETH-15175959,1586652193582,3,158.2,ETH-PERPETUAL,158.16,buy,200.0
11860245,ETH-15175960,1586652193583,3,158.2,ETH-PERPETUAL,158.16,buy,32.0
11860246,ETH-15175961,1586652193584,3,158.2,ETH-PERPETUAL,158.16,buy,96.0
11860247,ETH-15175962,1586652193584,3,158.2,ETH-PERPETUAL,158.16,buy,2.0
11860248,ETH-15175963,1586652193584,3,158.2,ETH-PERPETUAL,158.16,buy,2.0
11860249,ETH-15175964,1586652196130,0,158.25,ETH-PERPETUAL,158.22,buy,1.0
11860250,ETH-15175965,1586652196130,1,158.25,ETH-PERPETUAL,158.22,buy,2999.0
11860251,ETH-15175966,1586652196132,1,158.25,ETH-PERPETUAL,158.22,buy,1.0
11860252,ETH-15175967,1586652198887,0,158.3,ETH-PERPETUAL,158.23,buy,1.0
11860253,ETH-15175968,1586652198887,1,158.3,ETH-PERPETUAL,158.23,buy,3.0
11860254,ETH-15175969,1586652198887,1,158.3,ETH-PERPETUAL,158.23,buy,2.0
11860255,ETH-15175970,1586652220904,1,158.3,ETH-PERPETUAL,158.28,sell,1.0
11860256,ETH-15175971,1586652220904,1,158.3,ETH-PERPETUAL,158.28,sell,7.0
11860257,ETH-15175972,1586652220904,1,158.3,ETH-PERPETUAL,158.28,sell,100.0
11860258,ETH-15175973,1586652220904,1,158.3,ETH-PERPETUAL,158.28,sell,500.0
11860259,ETH-15175974,1586652240400,2,158.25,ETH-PERPETUAL,158.23,buy,270.0
11860260,ETH-15175982,1586652284448,3,158.25,ETH-PERPETUAL,158.22,buy,15.0
11860261,ETH-15175983,1586652284448,3,158.25,ETH-PERPETUAL,158.22,buy,1.0
11860262,ETH-15175984,1586652284448,3,158.25,ETH-PERPETUAL,158.22,buy,3.0
11860263,ETH-15175985,1586652284448,3,158.25,ETH-PERPETUAL,158.22,buy,1.0
11860264,ETH-15175996,1586652322634,3,158.25,ETH-PERPETUAL,158.24,sell,20.0
11860265,ETH-15175997,1586652322634,3,158.25,ETH-PERPETUAL,158.24,sell,2.0
11860266,ETH-15175998,1586652323690,2,158.2,ETH-PERPETUAL,158.23,sell,50.0
11860267,ETH-15175999,1586652323690,3,158.2,ETH-PERPETUAL,158.23,sell,130.0
11860268,ETH-15176001,1586652331499,2,158.1,ETH-PERPETUAL,158.15,sell,20.0
11860269,ETH-15176003,1586652356680,2,158.05,ETH-PERPETUAL,158.06,sell,1.0
11860270,ETH-15176004,1586652369218,2,158.0,ETH-PERPETUAL,158.03,sell,1.0
11860271,ETH-15176005,1586652369218,3,158.0,ETH-PERPETUAL,158.03,sell,1.0
11860272,ETH-15176006,1586652369218,3,158.0,ETH-PERPETUAL,158.03,sell,900.0
11860273,ETH-15176007,1586652369218,3,158.0,ETH-PERPETUAL,158.03,sell,1.0
11860274,ETH-15176008,1586652369218,3,158.0,ETH-PERPETUAL,158.03,sell,2.0
11860275,ETH-15176009,1586652369218,3,158.0,ETH-PERPETUAL,158.03,sell,60.0
11860276,ETH-15176011,1586652412293,3,158.0,ETH-PERPETUAL,158.02,sell,1.0
11860277,ETH-15176014,1586652427350,2,157.95,ETH-PERPETUAL,157.98,sell,1.0
11860278,ETH-15176015,1586652427350,3,157.95,ETH-PERPETUAL,157.98,sell,20.0
11860279,ETH-15176016,1586652427350,3,157.95,ETH-PERPETUAL,157.98,sell,20.0
11860280,ETH-15176017,1586652427350,3,157.95,ETH-PERPETUAL,157.98,sell,2.0
11860281,ETH-15176018,1586652427350,3,157.95,ETH-PERPETUAL,157.98,sell,50.0
11860282,ETH-15176020,1586652465827,0,158.0,ETH-PERPETUAL,158.01,buy,29.0
11860283,ETH-15176021,1586652465827,1,158.0,ETH-PERPETUAL,158.01,buy,14.0
11860284,ETH-15176022,1586652500759,1,158.0,ETH-PERPETUAL,158.04,sell,2.0
11860285,ETH-15176027,1586652542573,1,158.0,ETH-PERPETUAL,158.03,buy,47.0
11860286,ETH-15176030,1586652543762,0,158.05,ETH-PERPETUAL,158.04,buy,1.0
11860287,ETH-15176031,1586652570542,0,158.1,ETH-PERPETUAL,158.11,buy,1.0
11860288,ETH-15176032,1586652570542,1,158.1,ETH-PERPETUAL,158.11,buy,33.0
11860289,ETH-15176033,1586652579280,1,158.1,ETH-PERPETUAL,158.13,sell,1600.0
11860290,ETH-15176034,1586652579280,1,158.1,ETH-PERPETUAL,158.13,sell,200.0
11860291,ETH-15176035,1586652579280,1,158.1,ETH-PERPETUAL,158.13,sell,100.0
11860292,ETH-15176036,1586652579280,2,158.05,ETH-PERPETUAL,158.13,sell,600.0
11860293,ETH-15176037,1586652607156,2,158.0,ETH-PERPETUAL,158.05,sell,60.0
11860294,ETH-15176038,1586652607156,3,158.0,ETH-PERPETUAL,158.05,sell,1.0
11860295,ETH-15176039,1586652607156,3,158.0,ETH-PERPETUAL,158.05,sell,2.0
11860296,ETH-15176040,1586652607156,3,158.0,ETH-PERPETUAL,158.05,sell,160.0
11860297,ETH-15176041,1586652609746,2,157.95,ETH-PERPETUAL,158.03,sell,1.0
11860298,ETH-15176042,1586652657857,3,157.95,ETH-PERPETUAL,158.0,buy,24.0
11860299,ETH-15176043,1586652657857,3,157.95,ETH-PERPETUAL,158.0,buy,1.0
11860300,ETH-15176044,1586652657857,3,157.95,ETH-PERPETUAL,158.0,buy,225.0
11860301,ETH-15176045,1586652665007,3,157.95,ETH-PERPETUAL,158.0,buy,19.0
11860302,ETH-15176046,1586652667122,3,157.95,ETH-PERPETUAL,158.0,sell,8.0
11860303,ETH-15176047,1586652675895,0,158.0,ETH-PERPETUAL,158.07,buy,1.0
11860304,ETH-15176048,1586652675895,1,158.0,ETH-PERPETUAL,158.07,buy,1.0
11860305,ETH-15176049,1586652680021,0,158.05,ETH-PERPETUAL,158.09,buy,1.0
11860306,ETH-15176050,1586652680021,1,158.05,ETH-PERPETUAL,158.09,buy,1.0
11860307,ETH-15176051,1586652680021,1,158.05,ETH-PERPETUAL,158.09,buy,5.0
11860308,ETH-15176052,1586652685957,0,158.1,ETH-PERPETUAL,158.12,buy,1.0
11860309,ETH-15176053,1586652685957,1,158.1,ETH-PERPETUAL,158.12,buy,189.0
11860310,ETH-15176054,1586652695727,1,158.1,ETH-PERPETUAL,158.13,buy,3.0
11860311,ETH-15176055,1586652695727,1,158.1,ETH-PERPETUAL,158.13,buy,1.0
11860312,ETH-15176056,1586652695727,1,158.1,ETH-PERPETUAL,158.13,buy,1.0
11860313,ETH-15176057,1586652695727,1,158.1,ETH-PERPETUAL,158.13,buy,1.0
11860314,ETH-15176058,1586652695727,1,158.1,ETH-PERPETUAL,158.13,buy,2.0
11860315,ETH-15176059,1586652695727,1,158.1,ETH-PERPETUAL,158.13,buy,2.0
11860316,ETH-15176060,1586652701570,1,158.1,ETH-PERPETUAL,158.17,sell,250.0
11860317,ETH-15176061,1586652704784,1,158.1,ETH-PERPETUAL,158.18,sell,111.0
11860318,ETH-15176062,1586652704784,1,158.1,ETH-PERPETUAL,158.18,sell,139.0
11860319,ETH-15176063,1586652707285,0,158.15,ETH-PERPETUAL,158.19,buy,1.0
11860320,ETH-15176064,1586652707285,1,158.15,ETH-PERPETUAL,158.19,buy,189.0
11860321,ETH-15176065,1586652707874,2,158.1,ETH-PERPETUAL,158.19,sell,250.0
11860322,ETH-15176066,1586652763856,0,158.15,ETH-PERPETUAL,158.19,buy,711.0
11860323,ETH-15176067,1586652763856,1,158.15,ETH-PERPETUAL,158.19,buy,130.0
11860324,ETH-15176068,1586652763856,1,158.15,ETH-PERPETUAL,158.19,buy,1.0
11860325,ETH-15176069,1586652763856,1,158.15,ETH-PERPETUAL,158.19,buy,1.0
11860326,ETH-15176070,1586652763856,1,158.15,ETH-PERPETUAL,158.19,buy,1.0
11860327,ETH-15176071,1586652769932,0,158.2,ETH-PERPETUAL,158.21,buy,570.0
11860328,ETH-15176072,1586652778937,2,158.15,ETH-PERPETUAL,158.2,sell,250.0
11860329,ETH-15176073,1586652784796,0,158.2,ETH-PERPETUAL,158.2,buy,200.0
11860330,ETH-15176074,1586652784796,1,158.2,ETH-PERPETUAL,158.2,buy,20.0
11860331,ETH-15176075,1586652784796,1,158.2,ETH-PERPETUAL,158.2,buy,1.0
11860332,ETH-15176076,1586652784796,1,158.2,ETH-PERPETUAL,158.2,buy,1.0
11860333,ETH-15176077,1586652784796,1,158.2,ETH-PERPETUAL,158.2,buy,1.0
11860334,ETH-15176079,1586652791279,0,158.25,ETH-PERPETUAL,158.24,buy,190.0
11860335,ETH-15176081,1586652856621,1,158.25,ETH-PERPETUAL,158.26,buy,500.0
11860336,ETH-15176082,1586652859524,2,158.2,ETH-PERPETUAL,158.23,sell,601.0
11860337,ETH-15176083,1586652859533,3,158.2,ETH-PERPETUAL,158.23,sell,493.0
11860338,ETH-15176084,1586652859563,3,158.2,ETH-PERPETUAL,158.23,sell,2417.0
11860339,ETH-15176085,1586652884591,3,158.2,ETH-PERPETUAL,158.19,sell,139.0
11860340,ETH-15176086,1586652884591,3,158.2,ETH-PERPETUAL,158.19,sell,4.0
11860341,ETH-15176087,1586652884591,3,158.2,ETH-PERPETUAL,158.19,sell,7.0
