amount,direction,index_price,instrument_name,price,tick_direction,timestamp,trade_id,trade_seq
10.0,buy,3693.84,BTC-PERPETUAL,3697.0,0,1546300807203,13852614,2382295
1840.0,buy,3693.84,BTC-PERPETUAL,3697.0,1,1546300809400,13852615,2382296
160.0,buy,3693.84,BTC-PERPETUAL,3697.0,1,1546300809400,13852616,2382297
1000.0,buy,3693.85,BTC-PERPETUAL,3697.0,1,1546300815586,13852618,2382298
400.0,sell,3694.5,BTC-PERPETUAL,3696.5,2,1546300827365,13852620,2382299
500.0,sell,3694.5,BTC-PERPETUAL,3696.5,3,1546300827365,13852621,2382300
4100.0,sell,3694.5,BTC-PERPETUAL,3696.5,3,1546300827365,13852622,2382301
180.0,sell,3693.99,BTC-PERPETUAL,3696.5,3,1546300834081,13852623,2382302
180.0,sell,3693.99,BTC-PERPETUAL,3696.5,3,1546300834081,13852624,2382303
180.0,sell,3693.99,BTC-PERPETUAL,3696.5,3,1546300834081,13852625,2382304
350.0,sell,3693.99,BTC-PERPETUAL,3696.5,3,1546300834081,13852626,2382305
600.0,buy,3694.26,BTC-PERPETUAL,3697.0,0,1546300865316,13852627,2382306
10.0,sell,3694.17,BTC-PERPETUAL,3696.5,2,1546300867743,13852628,2382307
100.0,sell,3694.17,BTC-PERPETUAL,3696.5,3,1546300867743,13852629,2382308
6070.0,sell,3694.17,BTC-PERPETUAL,3696.5,3,1546300867743,13852630,2382309
1820.0,sell,3694.17,BTC-PERPETUAL,3696.5,3,1546300867743,13852631,2382310
500.0,sell,3693.66,BTC-PERPETUAL,3696.5,3,1546300870580,13852633,2382311
400.0,sell,3693.66,BTC-PERPETUAL,3696.5,3,1546300870580,13852634,2382312
600.0,sell,3693.66,BTC-PERPETUAL,3696.0,2,1546300870580,13852635,2382313
24390.0,sell,3691.07,BTC-PERPETUAL,3696.0,3,1546300893342,13852683,2382314
5010.0,sell,3691.07,BTC-PERPETUAL,3696.0,3,1546300895196,13852705,2382315
110.0,sell,3691.07,BTC-PERPETUAL,3696.0,3,1546300895196,13852706,2382316
80.0,sell,3690.51,BTC-PERPETUAL,3694.0,2,1546300918020,13852708,2382317
250.0,sell,3690.51,BTC-PERPETUAL,3694.0,3,1546300918020,13852709,2382318
400.0,sell,3690.51,BTC-PERPETUAL,3694.0,3,1546300918020,13852710,2382319
270.0,sell,3690.51,BTC-PERPETUAL,3692.5,2,1546300918020,13852711,2382320
90.0,sell,3689.06,BTC-PERPETUAL,3693.0,0,1546300939601,13852713,2382321
250.0,sell,3689.06,BTC-PERPETUAL,3693.0,1,1546300939601,13852714,2382322
200.0,sell,3689.06,BTC-PERPETUAL,3693.0,1,1546300939601,13852715,2382323
250.0,buy,3689.61,BTC-PERPETUAL,3693.5,0,1546300949417,13852716,2382324
200.0,buy,3689.61,BTC-PERPETUAL,3693.5,1,1546300949417,13852717,2382325
50.0,buy,3689.61,BTC-PERPETUAL,3693.5,1,1546300949417,13852718,2382326
250.0,sell,3688.58,BTC-PERPETUAL,3693.0,2,1546300963502,13852720,2382327
200.0,sell,3688.58,BTC-PERPETUAL,3693.0,3,1546300963502,13852721,2382328
180.0,buy,3688.58,BTC-PERPETUAL,3693.5,0,1546300974706,13852722,2382329
180.0,buy,3688.58,BTC-PERPETUAL,3693.5,1,1546300974706,13852723,2382330
180.0,buy,3688.58,BTC-PERPETUAL,3693.5,1,1546300974706,13852724,2382331
250.0,buy,3688.58,BTC-PERPETUAL,3693.5,1,1546300974706,13852725,2382332
200.0,buy,3688.58,BTC-PERPETUAL,3693.5,1,1546300974706,13852726,2382333
100.0,buy,3688.58,BTC-PERPETUAL,3693.5,1,1546300974706,13852727,2382334
250.0,buy,3688.58,BTC-PERPETUAL,3693.5,1,1546300974706,13852728,2382335
1660.0,buy,3688.58,BTC-PERPETUAL,3694.5,0,1546300974706,13852729,2382336
250.0,sell,3688.39,BTC-PERPETUAL,3693.0,2,1546300989428,13852730,2382337
50.0,sell,3688.39,BTC-PERPETUAL,3692.5,2,1546300989428,13852731,2382338
60.0,sell,3688.39,BTC-PERPETUAL,3692.0,2,1546300989428,13852732,2382339
180.0,sell,3688.39,BTC-PERPETUAL,3691.0,2,1546300989428,13852733,2382340
180.0,sell,3688.39,BTC-PERPETUAL,3691.0,3,1546300989428,13852734,2382341
80.0,sell,3688.39,BTC-PERPETUAL,3691.0,3,1546300989428,13852735,2382342
250.0,buy,3689.56,BTC-PERPETUAL,3693.0,0,1546301018665,13852739,2382343
200.0,buy,3689.56,BTC-PERPETUAL,3693.0,1,1546301018665,13852740,2382344
50.0,buy,3689.56,BTC-PERPETUAL,3693.0,1,1546301018665,13852741,2382345
180.0,buy,3689.39,BTC-PERPETUAL,3693.0,1,1546301070173,13852744,2382346
180.0,buy,3689.39,BTC-PERPETUAL,3693.0,1,1546301070173,13852745,2382347
180.0,buy,3689.39,BTC-PERPETUAL,3693.0,1,1546301070173,13852746,2382348
250.0,buy,3689.39,BTC-PERPETUAL,3693.0,1,1546301070173,13852747,2382349
200.0,buy,3689.39,BTC-PERPETUAL,3693.0,1,1546301070173,13852748,2382350
10.0,buy,3689.39,BTC-PERPETUAL,3693.0,1,1546301070173,13852749,2382351
250.0,sell,3688.77,BTC-PERPETUAL,3692.5,2,1546301084465,13852750,2382352
50.0,sell,3688.6,BTC-PERPETUAL,3692.0,2,1546301091516,13852751,2382353
10.0,sell,3688.6,BTC-PERPETUAL,3692.0,3,1546301091516,13852752,2382354
70.0,sell,3688.6,BTC-PERPETUAL,3692.0,3,1546301091516,13852753,2382355
1850.0,sell,3686.7,BTC-PERPETUAL,3691.0,2,1546301233024,13852838,2382356
300.0,sell,3686.7,BTC-PERPETUAL,3691.0,3,1546301233024,13852839,2382357
1850.0,sell,3686.7,BTC-PERPETUAL,3691.0,3,1546301233024,13852840,2382358
3700.0,sell,3686.7,BTC-PERPETUAL,3691.0,3,1546301233024,13852841,2382359
250.0,sell,3686.7,BTC-PERPETUAL,3691.0,3,1546301233024,13852842,2382360
400.0,sell,3686.7,BTC-PERPETUAL,3691.0,3,1546301233024,13852843,2382361
40.0,sell,3686.7,BTC-PERPETUAL,3690.0,2,1546301233024,13852844,2382362
420.0,sell,3686.7,BTC-PERPETUAL,3688.5,2,1546301233024,13852845,2382363
180.0,sell,3686.7,BTC-PERPETUAL,3688.0,2,1546301233024,13852846,2382364
180.0,sell,3686.7,BTC-PERPETUAL,3688.0,3,1546301233024,13852847,2382365
5000.0,sell,3686.7,BTC-PERPETUAL,3688.0,3,1546301233024,13852848,2382366
820.0,sell,3686.7,BTC-PERPETUAL,3688.0,3,1546301233024,13852849,2382367
30.0,buy,3684.58,BTC-PERPETUAL,3689.0,0,1546301248093,13852860,2382368
250.0,buy,3685.26,BTC-PERPETUAL,3689.0,1,1546301285395,13852865,2382369
60.0,buy,3685.26,BTC-PERPETUAL,3689.0,1,1546301285395,13852866,2382370
120.0,buy,3685.26,BTC-PERPETUAL,3689.0,1,1546301287246,13852867,2382371
180.0,buy,3685.26,BTC-PERPETUAL,3689.0,1,1546301287246,13852868,2382372
10.0,buy,3685.26,BTC-PERPETUAL,3689.0,1,1546301287246,13852869,2382373
80.0,sell,3684.95,BTC-PERPETUAL,3688.5,2,1546301346515,13852878,2382374
120.0,sell,3685.21,BTC-PERPETUAL,3688.5,3,1546301355885,13852880,2382375
1140.0,sell,3685.21,BTC-PERPETUAL,3688.5,3,1546301355885,13852881,2382376
170.0,buy,3685.52,BTC-PERPETUAL,3689.0,0,1546301361216,13852882,2382377
3000.0,buy,3685.52,BTC-PERPETUAL,3689.0,1,1546301361216,13852883,2382378
250.0,buy,3685.52,BTC-PERPETUAL,3689.0,1,1546301361216,13852884,2382379
180.0,buy,3685.52,BTC-PERPETUAL,3689.0,1,1546301361216,13852885,2382380
180.0,buy,3685.52,BTC-PERPETUAL,3689.0,1,1546301361216,13852886,2382381
20.0,buy,3685.52,BTC-PERPETUAL,3689.0,1,1546301361216,13852887,2382382
200.0,buy,3685.52,BTC-PERPETUAL,3689.0,1,1546301361216,13852888,2382383
200.0,sell,3686.03,BTC-PERPETUAL,3689.0,1,1546301378517,13852890,2382384
250.0,sell,3686.03,BTC-PERPETUAL,3689.0,1,1546301378517,13852891,2382385
1590.0,sell,3686.03,BTC-PERPETUAL,3689.0,1,1546301378517,13852892,2382386
910.0,sell,3686.01,BTC-PERPETUAL,3689.0,1,1546301381605,13852893,2382387
200.0,sell,3686.01,BTC-PERPETUAL,3689.0,1,1546301381605,13852894,2382388
50.0,sell,3685.45,BTC-PERPETUAL,3689.0,1,1546301386353,13852895,2382389
200.0,sell,3685.45,BTC-PERPETUAL,3689.0,1,1546301386353,13852896,2382390
200.0,sell,3685.45,BTC-PERPETUAL,3689.0,1,1546301386353,13852897,2382391
60.0,sell,3685.45,BTC-PERPETUAL,3689.0,1,1546301386353,13852898,2382392
20.0,sell,3685.63,BTC-PERPETUAL,3689.0,1,1546301416361,13852902,2382393
380.0,sell,3685.63,BTC-PERPETUAL,3689.0,1,1546301416367,13852903,2382394
990.0,sell,3685.96,BTC-PERPETUAL,3689.0,1,1546301418524,13852904,2382395
130.0,sell,3685.96,BTC-PERPETUAL,3689.0,1,1546301419793,13852905,2382396
200.0,buy,3686.31,BTC-PERPETUAL,3689.5,0,1546301432396,13852909,2382397
250.0,buy,3686.31,BTC-PERPETUAL,3689.5,1,1546301432396,13852910,2382398
1110.0,buy,3686.31,BTC-PERPETUAL,3689.5,1,1546301432396,13852911,2382399
840.0,buy,3686.31,BTC-PERPETUAL,3689.5,1,1546301432396,13852912,2382400
20.0,sell,3687.71,BTC-PERPETUAL,3689.5,1,1546301467822,13852915,2382401
180.0,sell,3688.03,BTC-PERPETUAL,3689.5,1,1546301472558,13852917,2382402
20.0,sell,3687.96,BTC-PERPETUAL,3689.5,1,1546301480341,13852919,2382403
180.0,sell,3687.97,BTC-PERPETUAL,3689.5,1,1546301483106,13852921,2382404
10.0,buy,3688.4,BTC-PERPETUAL,3690.0,0,1546301490785,13852923,2382405
250.0,buy,3688.4,BTC-PERPETUAL,3690.0,1,1546301490785,13852924,2382406
10.0,buy,3688.4,BTC-PERPETUAL,3690.0,1,1546301490785,13852925,2382407
150.0,buy,3688.4,BTC-PERPETUAL,3690.0,1,1546301490785,13852926,2382408
150.0,buy,3688.4,BTC-PERPETUAL,3690.0,1,1546301490785,13852927,2382409
50.0,buy,3688.24,BTC-PERPETUAL,3690.5,0,1546301494447,13852928,2382410
150.0,buy,3688.24,BTC-PERPETUAL,3690.5,1,1546301498011,13852929,2382411
30.0,buy,3688.24,BTC-PERPETUAL,3691.0,0,1546301498011,13852930,2382412
100.0,buy,3688.24,BTC-PERPETUAL,3691.5,0,1546301498011,13852931,2382413
180.0,buy,3688.24,BTC-PERPETUAL,3691.5,1,1546301498011,13852932,2382414
100.0,buy,3688.24,BTC-PERPETUAL,3692.0,0,1546301498011,13852933,2382415
180.0,buy,3688.24,BTC-PERPETUAL,3692.0,1,1546301498011,13852934,2382416
3460.0,buy,3688.24,BTC-PERPETUAL,3692.0,1,1546301498011,13852935,2382417
200.0,buy,3688.24,BTC-PERPETUAL,3691.0,2,1546301500824,13852936,2382418
100.0,sell,3687.73,BTC-PERPETUAL,3691.0,3,1546301629069,13852939,2382419
250.0,sell,3687.73,BTC-PERPETUAL,3691.0,3,1546301629069,13852940,2382420
200.0,sell,3687.73,BTC-PERPETUAL,3691.0,3,1546301629069,13852941,2382421
100.0,sell,3687.73,BTC-PERPETUAL,3691.0,3,1546301629069,13852942,2382422
180.0,sell,3687.73,BTC-PERPETUAL,3691.0,3,1546301629069,13852943,2382423
180.0,sell,3687.73,BTC-PERPETUAL,3691.0,3,1546301629069,13852944,2382424
100.0,sell,3687.73,BTC-PERPETUAL,3691.0,3,1546301629069,13852945,2382425
1890.0,sell,3687.73,BTC-PERPETUAL,3691.0,3,1546301629069,13852946,2382426
100.0,sell,3687.73,BTC-PERPETUAL,3691.0,3,1546301630095,13852951,2382427
180.0,sell,3687.74,BTC-PERPETUAL,3691.0,3,1546301662532,13852964,2382428
250.0,sell,3687.74,BTC-PERPETUAL,3691.0,3,1546301662532,13852965,2382429
180.0,sell,3687.74,BTC-PERPETUAL,3691.0,3,1546301662532,13852966,2382430
180.0,sell,3687.74,BTC-PERPETUAL,3691.0,3,1546301662532,13852967,2382431
100.0,sell,3687.74,BTC-PERPETUAL,3691.0,3,1546301662532,13852968,2382432
250.0,sell,3687.74,BTC-PERPETUAL,3690.5,2,1546301662532,13852969,2382433
8120.0,sell,3687.74,BTC-PERPETUAL,3690.5,3,1546301662532,13852970,2382434
740.0,sell,3687.74,BTC-PERPETUAL,3690.5,3,1546301662532,13852971,2382435
10.0,sell,3688.01,BTC-PERPETUAL,3690.5,3,1546301689346,13852974,2382436
100.0,sell,3688.01,BTC-PERPETUAL,3690.5,3,1546301689346,13852975,2382437
200.0,sell,3688.01,BTC-PERPETUAL,3690.5,3,1546301689346,13852976,2382438
180.0,sell,3688.01,BTC-PERPETUAL,3690.5,3,1546301689346,13852977,2382439
250.0,sell,3688.01,BTC-PERPETUAL,3690.5,3,1546301689346,13852978,2382440
180.0,sell,3688.01,BTC-PERPETUAL,3690.5,3,1546301689346,13852979,2382441
180.0,sell,3688.01,BTC-PERPETUAL,3690.5,3,1546301689346,13852980,2382442
2900.0,sell,3688.01,BTC-PERPETUAL,3690.5,3,1546301689346,13852981,2382443
4900.0,sell,3688.79,BTC-PERPETUAL,3690.5,3,1546301741000,13852992,2382444
5100.0,sell,3688.79,BTC-PERPETUAL,3690.5,3,1546301741000,13852993,2382445
100.0,sell,3687.96,BTC-PERPETUAL,3690.5,3,1546301762963,13853008,2382446
400.0,sell,3687.75,BTC-PERPETUAL,3690.5,3,1546301768935,13853015,2382447
900.0,sell,3687.75,BTC-PERPETUAL,3690.5,3,1546301768935,13853016,2382448
50.0,sell,3687.75,BTC-PERPETUAL,3690.5,3,1546301768935,13853017,2382449
180.0,sell,3687.75,BTC-PERPETUAL,3690.5,3,1546301768935,13853018,2382450
180.0,sell,3687.75,BTC-PERPETUAL,3690.5,3,1546301768935,13853019,2382451
180.0,sell,3687.75,BTC-PERPETUAL,3690.5,3,1546301768935,13853020,2382452
110.0,sell,3687.75,BTC-PERPETUAL,3690.5,3,1546301768935,13853021,2382453
200.0,buy,3687.81,BTC-PERPETUAL,3691.0,0,1546301799825,13853024,2382454
500.0,buy,3687.81,BTC-PERPETUAL,3691.0,1,1546301799825,13853025,2382455
2980.0,sell,3688.05,BTC-PERPETUAL,3690.5,2,1546301804051,13853031,2382456
9600.0,sell,3688.05,BTC-PERPETUAL,3690.5,3,1546301804051,13853032,2382457
200.0,sell,3688.05,BTC-PERPETUAL,3690.5,3,1546301804051,13853033,2382458
100.0,sell,3688.05,BTC-PERPETUAL,3690.5,3,1546301804051,13853034,2382459
180.0,sell,3688.05,BTC-PERPETUAL,3690.5,3,1546301804051,13853035,2382460
180.0,sell,3688.05,BTC-PERPETUAL,3690.5,3,1546301804051,13853036,2382461
180.0,sell,3688.05,BTC-PERPETUAL,3690.5,3,1546301804051,13853037,2382462
10830.0,sell,3688.05,BTC-PERPETUAL,3690.5,3,1546301804051,13853038,2382463
5750.0,sell,3688.05,BTC-PERPETUAL,3690.5,3,1546301804051,13853039,2382464
2150.0,sell,3688.54,BTC-PERPETUAL,3690.5,3,1546301816977,13853042,2382465
250.0,sell,3688.54,BTC-PERPETUAL,3690.5,3,1546301816977,13853043,2382466
3160.0,sell,3688.54,BTC-PERPETUAL,3690.5,3,1546301816977,13853044,2382467
180.0,sell,3688.54,BTC-PERPETUAL,3690.5,3,1546301816977,13853045,2382468
180.0,sell,3688.54,BTC-PERPETUAL,3690.5,3,1546301816977,13853046,2382469
180.0,sell,3688.54,BTC-PERPETUAL,3690.5,3,1546301816977,13853047,2382470
6220.0,sell,3688.54,BTC-PERPETUAL,3690.5,3,1546301816977,13853048,2382471
7680.0,sell,3688.54,BTC-PERPETUAL,3690.5,3,1546301816977,13853049,2382472
2710.0,sell,3688.24,BTC-PERPETUAL,3690.5,3,1546301833688,13853060,2382473
180.0,sell,3688.24,BTC-PERPETUAL,3690.5,3,1546301833688,13853061,2382474
180.0,sell,3688.24,BTC-PERPETUAL,3690.5,3,1546301833688,13853062,2382475
180.0,sell,3688.24,BTC-PERPETUAL,3690.5,3,1546301833688,13853063,2382476
200.0,sell,3688.24,BTC-PERPETUAL,3690.5,3,1546301833688,13853064,2382477
2200.0,sell,3688.24,BTC-PERPETUAL,3690.5,3,1546301833688,13853065,2382478
4350.0,sell,3688.24,BTC-PERPETUAL,3690.5,3,1546301833688,13853066,2382479
180.0,sell,3688.24,BTC-PERPETUAL,3690.5,3,1546301868768,13853073,2382480
180.0,sell,3688.24,BTC-PERPETUAL,3690.5,3,1546301868768,13853074,2382481
180.0,sell,3688.24,BTC-PERPETUAL,3690.5,3,1546301868768,13853075,2382482
1500.0,sell,3688.24,BTC-PERPETUAL,3690.5,3,1546301868768,13853076,2382483
2200.0,sell,3688.24,BTC-PERPETUAL,3690.5,3,1546301868768,13853077,2382484
40.0,sell,3688.24,BTC-PERPETUAL,3690.0,2,1546301868768,13853078,2382485
200.0,sell,3688.24,BTC-PERPETUAL,3689.5,2,1546301868768,13853079,2382486
520.0,sell,3688.24,BTC-PERPETUAL,3689.5,3,1546301868768,13853080,2382487
5000.0,sell,3688.25,BTC-PERPETUAL,3689.5,3,1546301876144,13853085,2382488
3540.0,sell,3688.25,BTC-PERPETUAL,3689.5,3,1546301886353,13853093,2382489
180.0,sell,3688.25,BTC-PERPETUAL,3689.5,3,1546301886353,13853094,2382490
180.0,sell,3688.25,BTC-PERPETUAL,3689.5,3,1546301886353,13853095,2382491
2200.0,sell,3688.25,BTC-PERPETUAL,3689.5,3,1546301886353,13853096,2382492
180.0,sell,3688.25,BTC-PERPETUAL,3689.5,3,1546301886353,13853097,2382493
4560.0,sell,3688.25,BTC-PERPETUAL,3689.5,3,1546301886353,13853098,2382494
4160.0,sell,3688.25,BTC-PERPETUAL,3689.5,3,1546301886353,13853099,2382495
1110.0,sell,3688.0,BTC-PERPETUAL,3689.5,3,1546301898151,13853100,2382496
180.0,sell,3688.11,BTC-PERPETUAL,3689.5,3,1546301934225,13853101,2382497
180.0,sell,3688.11,BTC-PERPETUAL,3689.5,3,1546301934225,13853102,2382498
180.0,sell,3688.11,BTC-PERPETUAL,3689.5,3,1546301934225,13853103,2382499
10.0,buy,3688.11,BTC-PERPETUAL,3689.5,3,1546301934387,13853105,2382500
100.0,sell,3687.32,BTC-PERPETUAL,3689.0,2,1546301963954,13853107,2382501
80.0,sell,3687.61,BTC-PERPETUAL,3689.0,3,1546302005456,13853109,2382502
180.0,sell,3687.61,BTC-PERPETUAL,3688.5,2,1546302005456,13853110,2382503
180.0,sell,3687.61,BTC-PERPETUAL,3688.5,3,1546302005456,13853111,2382504
40.0,sell,3687.61,BTC-PERPETUAL,3688.0,2,1546302005456,13853112,2382505
440.0,sell,3687.61,BTC-PERPETUAL,3688.0,3,1546302005456,13853113,2382506
190.0,sell,3687.61,BTC-PERPETUAL,3687.5,2,1546302005456,13853114,2382507
500.0,sell,3687.03,BTC-PERPETUAL,3687.5,3,1546302018954,13853115,2382508
1000.0,buy,3686.88,BTC-PERPETUAL,3688.0,0,1546302050145,13853117,2382509
1160.0,sell,3686.77,BTC-PERPETUAL,3687.5,2,1546302064929,13853118,2382510
180.0,sell,3686.77,BTC-PERPETUAL,3687.5,3,1546302064929,13853119,2382511
4150.0,sell,3686.77,BTC-PERPETUAL,3687.5,3,1546302064929,13853120,2382512
3950.0,sell,3686.77,BTC-PERPETUAL,3687.5,3,1546302064929,13853121,2382513
100.0,sell,3686.77,BTC-PERPETUAL,3687.5,3,1546302064929,13853122,2382514
100.0,sell,3686.77,BTC-PERPETUAL,3687.5,3,1546302064929,13853123,2382515
100.0,sell,3686.77,BTC-PERPETUAL,3687.5,3,1546302064929,13853124,2382516
260.0,sell,3686.77,BTC-PERPETUAL,3687.5,3,1546302064929,13853125,2382517
200.0,buy,3686.75,BTC-PERPETUAL,3688.0,0,1546302081533,13853127,2382518
120.0,buy,3686.75,BTC-PERPETUAL,3688.0,1,1546302081533,13853128,2382519
50.0,buy,3686.67,BTC-PERPETUAL,3688.0,1,1546302098925,13853129,2382520
240.0,sell,3686.15,BTC-PERPETUAL,3687.5,2,1546302143398,13853131,2382521
180.0,sell,3686.15,BTC-PERPETUAL,3687.5,3,1546302143398,13853132,2382522
2580.0,sell,3686.15,BTC-PERPETUAL,3687.5,3,1546302143398,13853133,2382523
480.0,sell,3686.15,BTC-PERPETUAL,3687.5,3,1546302162524,13853136,2382524
30.0,buy,3685.34,BTC-PERPETUAL,3688.0,0,1546302182100,13853139,2382525
10.0,buy,3685.34,BTC-PERPETUAL,3688.0,1,1546302182100,13853140,2382526
1000.0,buy,3685.34,BTC-PERPETUAL,3688.0,1,1546302182100,13853141,2382527
20.0,buy,3685.34,BTC-PERPETUAL,3688.0,1,1546302182100,13853142,2382528
500.0,buy,3685.34,BTC-PERPETUAL,3688.0,1,1546302182100,13853143,2382529
990.0,buy,3685.34,BTC-PERPETUAL,3688.0,1,1546302182100,13853144,2382530
990.0,buy,3685.34,BTC-PERPETUAL,3688.0,1,1546302182100,13853145,2382531
200.0,sell,3685.46,BTC-PERPETUAL,3688.0,1,1546302199132,13853146,2382532
100.0,sell,3685.46,BTC-PERPETUAL,3688.0,1,1546302199132,13853147,2382533
100.0,buy,3685.46,BTC-PERPETUAL,3688.5,0,1546302199856,13853148,2382534
10.0,buy,3685.46,BTC-PERPETUAL,3688.5,1,1546302199856,13853149,2382535
1000.0,buy,3685.46,BTC-PERPETUAL,3688.5,1,1546302199856,13853150,2382536
200.0,buy,3685.46,BTC-PERPETUAL,3688.5,1,1546302199856,13853151,2382537
200.0,buy,3685.46,BTC-PERPETUAL,3688.5,1,1546302199856,13853152,2382538
40.0,buy,3685.46,BTC-PERPETUAL,3689.0,0,1546302199856,13853153,2382539
180.0,buy,3685.46,BTC-PERPETUAL,3689.0,1,1546302199856,13853154,2382540
180.0,buy,3685.46,BTC-PERPETUAL,3689.0,1,1546302199856,13853155,2382541
100.0,buy,3685.46,BTC-PERPETUAL,3689.5,0,1546302199856,13853156,2382542
180.0,buy,3685.46,BTC-PERPETUAL,3689.5,1,1546302199856,13853157,2382543
2880.0,buy,3685.46,BTC-PERPETUAL,3690.5,0,1546302199856,13853158,2382544
5000.0,buy,3685.46,BTC-PERPETUAL,3690.5,1,1546302199856,13853159,2382545
370.0,buy,3685.46,BTC-PERPETUAL,3690.5,1,1546302199856,13853160,2382546
100.0,buy,3685.46,BTC-PERPETUAL,3691.0,0,1546302199856,13853161,2382547
1380.0,buy,3685.46,BTC-PERPETUAL,3691.0,1,1546302199856,13853162,2382548
180.0,sell,3685.45,BTC-PERPETUAL,3688.0,2,1546302212169,13853169,2382549
3250.0,sell,3685.45,BTC-PERPETUAL,3688.0,3,1546302212169,13853170,2382550
310.0,sell,3685.45,BTC-PERPETUAL,3688.0,3,1546302212169,13853171,2382551
100.0,sell,3685.45,BTC-PERPETUAL,3688.0,3,1546302212169,13853172,2382552
14400.0,sell,3685.45,BTC-PERPETUAL,3688.0,3,1546302212169,13853173,2382553
790.0,sell,3685.45,BTC-PERPETUAL,3687.5,2,1546302212169,13853174,2382554
970.0,sell,3685.45,BTC-PERPETUAL,3687.5,3,1546302212169,13853175,2382555
180.0,sell,3685.41,BTC-PERPETUAL,3688.0,0,1546302254731,13853182,2382556
2490.0,sell,3685.41,BTC-PERPETUAL,3688.0,1,1546302254731,13853183,2382557
100.0,sell,3685.41,BTC-PERPETUAL,3688.0,1,1546302254731,13853184,2382558
200.0,sell,3685.41,BTC-PERPETUAL,3688.0,1,1546302254731,13853185,2382559
1190.0,sell,3685.41,BTC-PERPETUAL,3688.0,1,1546302254731,13853186,2382560
8150.0,sell,3685.41,BTC-PERPETUAL,3688.0,1,1546302254731,13853187,2382561
180.0,sell,3685.41,BTC-PERPETUAL,3687.5,2,1546302254731,13853188,2382562
180.0,sell,3685.41,BTC-PERPETUAL,3687.5,3,1546302254731,13853189,2382563
10.0,sell,3685.41,BTC-PERPETUAL,3687.5,3,1546302254731,13853190,2382564
100.0,sell,3685.17,BTC-PERPETUAL,3687.0,2,1546302275619,13853191,2382565
180.0,sell,3685.17,BTC-PERPETUAL,3687.0,3,1546302275619,13853192,2382566
180.0,sell,3685.17,BTC-PERPETUAL,3687.0,3,1546302275619,13853193,2382567
180.0,sell,3685.17,BTC-PERPETUAL,3687.0,3,1546302275619,13853194,2382568
6260.0,sell,3685.17,BTC-PERPETUAL,3687.0,3,1546302275619,13853195,2382569
200.0,sell,3685.17,BTC-PERPETUAL,3687.0,3,1546302275619,13853196,2382570
4200.0,sell,3685.17,BTC-PERPETUAL,3687.0,3,1546302275619,13853197,2382571
3530.0,sell,3685.17,BTC-PERPETUAL,3687.0,3,1546302275619,13853198,2382572
1190.0,sell,3685.17,BTC-PERPETUAL,3687.0,3,1546302275619,13853199,2382573
9400.0,sell,3685.17,BTC-PERPETUAL,3687.0,3,1546302275619,13853200,2382574
100.0,sell,3685.16,BTC-PERPETUAL,3686.5,2,1546302283863,13853201,2382575
180.0,sell,3685.16,BTC-PERPETUAL,3686.5,3,1546302283863,13853202,2382576
2040.0,sell,3685.16,BTC-PERPETUAL,3686.5,3,1546302283863,13853203,2382577
4580.0,buy,3685.16,BTC-PERPETUAL,3687.0,0,1546302293402,13853204,2382578
400.0,buy,3685.16,BTC-PERPETUAL,3687.0,1,1546302293402,13853205,2382579
1000.0,buy,3685.16,BTC-PERPETUAL,3687.0,1,1546302293402,13853206,2382580
1000.0,buy,3685.16,BTC-PERPETUAL,3687.0,1,1546302315234,13853208,2382581
200.0,buy,3685.16,BTC-PERPETUAL,3687.0,1,1546302315234,13853209,2382582
100.0,sell,3684.62,BTC-PERPETUAL,3687.0,1,1546302318957,13853210,2382583
100.0,sell,3684.89,BTC-PERPETUAL,3687.0,1,1546302365378,13853216,2382584
100.0,sell,3684.89,BTC-PERPETUAL,3687.0,1,1546302365378,13853217,2382585
100.0,sell,3684.89,BTC-PERPETUAL,3687.0,1,1546302365378,13853218,2382586
1000.0,buy,3684.91,BTC-PERPETUAL,3687.5,0,1546302368970,13853219,2382587
10.0,buy,3684.91,BTC-PERPETUAL,3687.5,1,1546302368970,13853220,2382588
200.0,sell,3685.04,BTC-PERPETUAL,3687.5,1,1546302384942,13853229,2382589
5810.0,sell,3685.04,BTC-PERPETUAL,3687.5,1,1546302384942,13853230,2382590
10990.0,sell,3685.04,BTC-PERPETUAL,3687.5,1,1546302384942,13853231,2382591
70.0,sell,3684.39,BTC-PERPETUAL,3687.5,1,1546302409414,13853237,2382592
180.0,sell,3684.39,BTC-PERPETUAL,3687.5,1,1546302409414,13853238,2382593
200.0,sell,3684.39,BTC-PERPETUAL,3687.5,1,1546302409414,13853239,2382594
6420.0,sell,3684.39,BTC-PERPETUAL,3687.5,1,1546302409414,13853240,2382595
100.0,sell,3684.39,BTC-PERPETUAL,3687.5,1,1546302409414,13853241,2382596
1850.0,sell,3684.39,BTC-PERPETUAL,3687.5,1,1546302409414,13853242,2382597
3680.0,sell,3684.39,BTC-PERPETUAL,3687.5,1,1546302409414,13853243,2382598
180.0,sell,3684.87,BTC-PERPETUAL,3687.5,1,1546302425813,13853244,2382599
9820.0,sell,3684.87,BTC-PERPETUAL,3687.5,1,1546302425813,13853245,2382600
10.0,buy,3684.83,BTC-PERPETUAL,3688.0,0,1546302427480,13853252,2382601
1240.0,sell,3684.87,BTC-PERPETUAL,3687.5,2,1546302433314,13853258,2382602
180.0,sell,3684.87,BTC-PERPETUAL,3687.5,3,1546302433314,13853259,2382603
1900.0,sell,3684.87,BTC-PERPETUAL,3687.5,3,1546302433314,13853260,2382604
200.0,sell,3684.87,BTC-PERPETUAL,3687.5,3,1546302433314,13853261,2382605
6480.0,sell,3684.87,BTC-PERPETUAL,3687.5,3,1546302433314,13853262,2382606
180.0,sell,3684.73,BTC-PERPETUAL,3687.5,3,1546302446769,13853263,2382607
180.0,sell,3684.73,BTC-PERPETUAL,3687.5,3,1546302446769,13853264,2382608
180.0,sell,3684.73,BTC-PERPETUAL,3687.5,3,1546302446769,13853265,2382609
7460.0,sell,3684.73,BTC-PERPETUAL,3687.5,3,1546302446769,13853266,2382610
3600.0,sell,3684.94,BTC-PERPETUAL,3687.5,3,1546302459429,13853274,2382611
1400.0,sell,3684.94,BTC-PERPETUAL,3687.5,3,1546302459429,13853275,2382612
500.0,sell,3685.19,BTC-PERPETUAL,3687.5,3,1546302472876,13853282,2382613
180.0,sell,3685.19,BTC-PERPETUAL,3687.5,3,1546302472876,13853283,2382614
180.0,sell,3685.19,BTC-PERPETUAL,3687.5,3,1546302472876,13853284,2382615
180.0,sell,3685.19,BTC-PERPETUAL,3687.5,3,1546302472876,13853285,2382616
1960.0,sell,3685.19,BTC-PERPETUAL,3687.5,3,1546302472876,13853286,2382617
3240.0,sell,3685.16,BTC-PERPETUAL,3687.5,3,1546302481972,13853293,2382618
200.0,sell,3685.34,BTC-PERPETUAL,3687.5,3,1546302509276,13853303,2382619
500.0,sell,3684.81,BTC-PERPETUAL,3687.5,3,1546302603368,13853305,2382620
500.0,sell,3684.81,BTC-PERPETUAL,3687.5,3,1546302605060,13853306,2382621
90.0,buy,3685.85,BTC-PERPETUAL,3688.0,0,1546302628217,13853308,2382622
1000.0,buy,3685.85,BTC-PERPETUAL,3688.0,1,1546302628217,13853309,2382623
200.0,buy,3685.85,BTC-PERPETUAL,3688.0,1,1546302628217,13853310,2382624
200.0,buy,3685.85,BTC-PERPETUAL,3688.0,1,1546302628217,13853311,2382625
100.0,buy,3685.85,BTC-PERPETUAL,3688.0,1,1546302628217,13853312,2382626
20.0,buy,3685.85,BTC-PERPETUAL,3688.0,1,1546302628217,13853313,2382627
3690.0,buy,3685.85,BTC-PERPETUAL,3688.0,1,1546302628217,13853314,2382628
200.0,sell,3685.85,BTC-PERPETUAL,3688.0,1,1546302643992,13853315,2382629
50.0,sell,3685.85,BTC-PERPETUAL,3688.0,1,1546302643992,13853316,2382630
100.0,buy,3685.85,BTC-PERPETUAL,3688.5,0,1546302645970,13853317,2382631
10.0,buy,3685.85,BTC-PERPETUAL,3688.5,1,1546302645970,13853318,2382632
1000.0,buy,3685.85,BTC-PERPETUAL,3688.5,1,1546302645970,13853319,2382633
80.0,buy,3685.06,BTC-PERPETUAL,3689.0,0,1546302684614,13853320,2382634
20.0,buy,3685.06,BTC-PERPETUAL,3689.0,1,1546302684614,13853321,2382635
980.0,buy,3685.63,BTC-PERPETUAL,3689.0,1,1546302710705,13853324,2382636
10.0,buy,3685.63,BTC-PERPETUAL,3689.0,1,1546302710705,13853325,2382637
400.0,buy,3685.63,BTC-PERPETUAL,3689.0,1,1546302710705,13853326,2382638
100.0,buy,3685.63,BTC-PERPETUAL,3689.0,1,1546302710705,13853327,2382639
100.0,sell,3686.18,BTC-PERPETUAL,3688.5,2,1546302738992,13853328,2382640
100.0,sell,3686.18,BTC-PERPETUAL,3688.5,3,1546302738992,13853329,2382641
110.0,sell,3686.18,BTC-PERPETUAL,3688.5,3,1546302738992,13853330,2382642
1000.0,buy,3685.55,BTC-PERPETUAL,3689.0,0,1546302773778,13853331,2382643
200.0,buy,3685.55,BTC-PERPETUAL,3689.0,1,1546302773778,13853332,2382644
3460.0,buy,3685.55,BTC-PERPETUAL,3689.0,1,1546302773778,13853333,2382645
100.0,buy,3685.55,BTC-PERPETUAL,3690.0,0,1546302773778,13853334,2382646
240.0,buy,3685.55,BTC-PERPETUAL,3690.0,1,1546302773778,13853335,2382647
760.0,buy,3685.55,BTC-PERPETUAL,3690.0,1,1546302773813,13853336,2382648
4240.0,buy,3685.55,BTC-PERPETUAL,3690.5,0,1546302773813,13853337,2382649
760.0,buy,3685.55,BTC-PERPETUAL,3690.5,1,1546302773826,13853338,2382650
5000.0,buy,3685.55,BTC-PERPETUAL,3690.5,1,1546302773826,13853339,2382651
5000.0,buy,3685.55,BTC-PERPETUAL,3690.5,1,1546302773826,13853340,2382652
5000.0,buy,3685.55,BTC-PERPETUAL,3690.5,1,1546302773826,13853341,2382653
180.0,buy,3685.55,BTC-PERPETUAL,3691.0,0,1546302773826,13853342,2382654
180.0,buy,3685.55,BTC-PERPETUAL,3691.0,1,1546302773826,13853343,2382655
180.0,buy,3685.55,BTC-PERPETUAL,3691.0,1,1546302773826,13853344,2382656
1700.0,buy,3685.55,BTC-PERPETUAL,3691.0,1,1546302773826,13853345,2382657
1500.0,buy,3685.55,BTC-PERPETUAL,3691.0,1,1546302773844,13853346,2382658
4300.0,buy,3685.55,BTC-PERPETUAL,3691.0,1,1546302773848,13853347,2382659
3700.0,buy,3685.55,BTC-PERPETUAL,3691.0,1,1546302773848,13853348,2382660
3270.0,buy,3685.55,BTC-PERPETUAL,3689.0,2,1546302773861,13853349,2382661
3800.0,buy,3685.55,BTC-PERPETUAL,3691.0,0,1546302773861,13853350,2382662
450.0,buy,3685.55,BTC-PERPETUAL,3691.0,1,1546302773861,13853351,2382663
340.0,buy,3685.55,BTC-PERPETUAL,3691.0,1,1546302773861,13853352,2382664
7500.0,buy,3685.55,BTC-PERPETUAL,3691.5,0,1546302773861,13853353,2382665
100.0,buy,3685.55,BTC-PERPETUAL,3691.5,1,1546302773861,13853354,2382666
2540.0,buy,3685.55,BTC-PERPETUAL,3691.5,1,1546302773861,13853355,2382667
4960.0,buy,3685.55,BTC-PERPETUAL,3691.5,1,1546302773867,13853356,2382668
40.0,buy,3685.55,BTC-PERPETUAL,3691.5,1,1546302773867,13853357,2382669
760.0,buy,3685.55,BTC-PERPETUAL,3689.0,2,1546302773938,13853358,2382670
240.0,buy,3686.37,BTC-PERPETUAL,3689.0,3,1546302773968,13853360,2382671
200.0,buy,3686.37,BTC-PERPETUAL,3689.0,3,1546302773968,13853361,2382672
10000.0,buy,3686.37,BTC-PERPETUAL,3691.5,0,1546302774118,13853362,2382673
10000.0,buy,3686.37,BTC-PERPETUAL,3692.5,0,1546302774171,13853363,2382674
2500.0,buy,3686.37,BTC-PERPETUAL,3694.0,0,1546302774171,13853364,2382675
7500.0,buy,3686.37,BTC-PERPETUAL,3694.5,0,1546302774171,13853365,2382676
2020.0,sell,3686.37,BTC-PERPETUAL,3692.0,2,1546302774192,13853366,2382677
5350.0,sell,3686.37,BTC-PERPETUAL,3691.5,2,1546302774192,13853367,2382678
4100.0,buy,3686.37,BTC-PERPETUAL,3692.5,0,1546302774291,13853368,2382679
900.0,buy,3686.37,BTC-PERPETUAL,3693.5,0,1546302774291,13853369,2382680
2540.0,buy,3686.37,BTC-PERPETUAL,3693.5,1,1546302774583,13853370,2382681
1460.0,buy,3686.37,BTC-PERPETUAL,3694.5,0,1546302774583,13853371,2382682
6020.0,buy,3686.37,BTC-PERPETUAL,3694.5,1,1546302774592,13853372,2382683
1000.0,buy,3686.37,BTC-PERPETUAL,3694.5,1,1546302774592,13853373,2382684
1000.0,buy,3686.37,BTC-PERPETUAL,3694.5,1,1546302774592,13853374,2382685
1000.0,buy,3686.37,BTC-PERPETUAL,3695.0,0,1546302774592,13853375,2382686
8980.0,buy,3686.37,BTC-PERPETUAL,3695.5,0,1546302774592,13853376,2382687
100.0,buy,3687.54,BTC-PERPETUAL,3695.0,2,1546302775076,13853388,2382688
10.0,sell,3687.54,BTC-PERPETUAL,3695.0,3,1546302775643,13853389,2382689
2000.0,buy,3687.54,BTC-PERPETUAL,3695.5,0,1546302775681,13853390,2382690
100.0,buy,3693.32,BTC-PERPETUAL,3696.0,0,1546302789971,13853399,2382691
5000.0,buy,3693.32,BTC-PERPETUAL,3696.0,1,1546302789971,13853400,2382692
5000.0,buy,3693.32,BTC-PERPETUAL,3696.0,1,1546302789971,13853401,2382693
5000.0,buy,3693.32,BTC-PERPETUAL,3696.0,1,1546302789971,13853402,2382694
10000.0,buy,3693.32,BTC-PERPETUAL,3696.0,1,1546302789971,13853403,2382695
800.0,buy,3693.32,BTC-PERPETUAL,3696.0,1,1546302789971,13853404,2382696
20.0,buy,3693.32,BTC-PERPETUAL,3696.0,1,1546302789971,13853405,2382697
4080.0,buy,3693.32,BTC-PERPETUAL,3696.5,0,1546302789971,13853406,2382698
180.0,buy,3693.53,BTC-PERPETUAL,3696.5,1,1546302796579,13853407,2382699
180.0,buy,3693.53,BTC-PERPETUAL,3696.5,1,1546302796579,13853408,2382700
800.0,buy,3693.53,BTC-PERPETUAL,3696.5,1,1546302796579,13853409,2382701
3840.0,buy,3693.53,BTC-PERPETUAL,3696.5,1,1546302796579,13853410,2382702
100.0,sell,3693.34,BTC-PERPETUAL,3696.0,2,1546302811140,13853411,2382703
1000.0,sell,3693.34,BTC-PERPETUAL,3696.0,3,1546302811140,13853412,2382704
900.0,sell,3693.34,BTC-PERPETUAL,3696.0,3,1546302811140,13853413,2382705
250.0,buy,3693.3,BTC-PERPETUAL,3696.5,0,1546302813351,13853414,2382706
120.0,buy,3693.85,BTC-PERPETUAL,3696.5,1,1546302817909,13853415,2382707
100.0,buy,3695.51,BTC-PERPETUAL,3696.5,1,1546302848357,13853429,2382708
100.0,buy,3695.47,BTC-PERPETUAL,3698.0,0,1546302856168,13853435,2382709
1000.0,buy,3695.38,BTC-PERPETUAL,3698.0,1,1546302857638,13853436,2382710
100.0,buy,3694.0,BTC-PERPETUAL,3698.0,1,1546302873337,13853440,2382711
100.0,sell,3694.76,BTC-PERPETUAL,3697.5,2,1546302887313,13853442,2382712
1000.0,buy,3694.77,BTC-PERPETUAL,3698.0,0,1546302889279,13853443,2382713
2220.0,buy,3694.76,BTC-PERPETUAL,3698.0,1,1546302893894,13853444,2382714
3000.0,buy,3695.2,BTC-PERPETUAL,3698.0,1,1546302946116,13853449,2382715
900.0,sell,3695.23,BTC-PERPETUAL,3697.5,2,1546302953223,13853450,2382716
100.0,sell,3695.23,BTC-PERPETUAL,3697.5,3,1546302953223,13853451,2382717
720.0,sell,3694.18,BTC-PERPETUAL,3697.5,3,1546302967782,13853452,2382718
1180.0,sell,3693.83,BTC-PERPETUAL,3697.5,3,1546302971040,13853453,2382719
80.0,sell,3693.83,BTC-PERPETUAL,3697.5,3,1546302971040,13853454,2382720
1000.0,sell,3693.84,BTC-PERPETUAL,3697.5,3,1546302974035,13853455,2382721
1000.0,sell,3694.79,BTC-PERPETUAL,3697.5,3,1546302983885,13853456,2382722
250.0,sell,3695.21,BTC-PERPETUAL,3697.5,3,1546303003734,13853457,2382723
250.0,sell,3695.07,BTC-PERPETUAL,3697.5,3,1546303022401,13853461,2382724
250.0,sell,3695.07,BTC-PERPETUAL,3697.5,3,1546303023067,13853462,2382725
10.0,buy,3695.05,BTC-PERPETUAL,3698.0,0,1546303218432,13853473,2382726
300.0,buy,3695.05,BTC-PERPETUAL,3698.0,1,1546303218432,13853474,2382727
500.0,buy,3693.95,BTC-PERPETUAL,3698.0,1,1546303258485,13853476,2382728
180.0,buy,3693.95,BTC-PERPETUAL,3698.0,1,1546303258485,13853477,2382729
180.0,buy,3693.95,BTC-PERPETUAL,3698.0,1,1546303258485,13853478,2382730
140.0,buy,3693.95,BTC-PERPETUAL,3698.0,1,1546303258485,13853479,2382731
40.0,buy,3694.72,BTC-PERPETUAL,3698.0,1,1546303421657,13853488,2382732
300.0,buy,3694.72,BTC-PERPETUAL,3698.0,1,1546303421657,13853489,2382733
100.0,buy,3694.72,BTC-PERPETUAL,3698.0,1,1546303421657,13853490,2382734
180.0,buy,3694.72,BTC-PERPETUAL,3698.0,1,1546303421657,13853491,2382735
180.0,buy,3694.72,BTC-PERPETUAL,3698.0,1,1546303421657,13853492,2382736
10.0,buy,3694.72,BTC-PERPETUAL,3698.0,1,1546303421657,13853493,2382737
20.0,buy,3694.72,BTC-PERPETUAL,3698.0,1,1546303421657,13853494,2382738
100.0,buy,3694.72,BTC-PERPETUAL,3698.0,1,1546303421763,13853495,2382739
100.0,buy,3694.72,BTC-PERPETUAL,3698.0,1,1546303421772,13853496,2382740
200.0,buy,3694.72,BTC-PERPETUAL,3698.0,1,1546303421881,13853497,2382741
200.0,buy,3694.72,BTC-PERPETUAL,3698.0,1,1546303421940,13853498,2382742
200.0,buy,3694.34,BTC-PERPETUAL,3698.0,1,1546303422049,13853499,2382743
180.0,buy,3694.78,BTC-PERPETUAL,3698.5,0,1546303474724,13853504,2382744
100.0,buy,3694.78,BTC-PERPETUAL,3698.5,1,1546303474724,13853505,2382745
180.0,buy,3694.78,BTC-PERPETUAL,3698.5,1,1546303474724,13853506,2382746
180.0,buy,3694.78,BTC-PERPETUAL,3698.5,1,1546303474724,13853507,2382747
860.0,sell,3694.78,BTC-PERPETUAL,3698.5,1,1546303474724,13853508,2382748
1000.0,sell,3694.78,BTC-PERPETUAL,3698.5,1,1546303474837,13853509,2382749
1000.0,sell,3694.78,BTC-PERPETUAL,3698.5,1,1546303474944,13853510,2382750
1000.0,sell,3694.78,BTC-PERPETUAL,3698.5,1,1546303475052,13853511,2382751
1000.0,sell,3694.78,BTC-PERPETUAL,3698.5,1,1546303475156,13853512,2382752
400.0,sell,3695.13,BTC-PERPETUAL,3698.0,2,1546303522866,13853518,2382753
1000.0,sell,3695.13,BTC-PERPETUAL,3698.0,3,1546303522866,13853519,2382754
100.0,sell,3695.13,BTC-PERPETUAL,3698.0,3,1546303522866,13853520,2382755
100.0,buy,3694.9,BTC-PERPETUAL,3698.5,0,1546303543521,13853523,2382756
170.0,sell,3694.89,BTC-PERPETUAL,3698.0,2,1546303552676,13853524,2382757
730.0,sell,3694.89,BTC-PERPETUAL,3698.0,3,1546303554312,13853525,2382758
200.0,sell,3694.89,BTC-PERPETUAL,3698.0,3,1546303554312,13853526,2382759
270.0,sell,3694.89,BTC-PERPETUAL,3698.0,3,1546303554312,13853527,2382760
1850.0,sell,3694.89,BTC-PERPETUAL,3697.5,2,1546303554312,13853528,2382761
1260.0,sell,3694.89,BTC-PERPETUAL,3697.5,3,1546303554312,13853529,2382762
310.0,sell,3694.89,BTC-PERPETUAL,3697.5,3,1546303554350,13853530,2382763
2130.0,sell,3694.89,BTC-PERPETUAL,3697.5,3,1546303554386,13853531,2382764
2560.0,sell,3694.89,BTC-PERPETUAL,3697.5,3,1546303554386,13853532,2382765
450.0,sell,3694.89,BTC-PERPETUAL,3697.5,3,1546303556089,13853533,2382766
1020.0,sell,3694.89,BTC-PERPETUAL,3697.5,3,1546303560751,13853534,2382767
110.0,sell,3694.88,BTC-PERPETUAL,3697.5,3,1546303562631,13853535,2382768
690.0,sell,3694.88,BTC-PERPETUAL,3697.5,3,1546303562717,13853536,2382769
680.0,sell,3694.88,BTC-PERPETUAL,3697.5,3,1546303563858,13853537,2382770
730.0,sell,3694.88,BTC-PERPETUAL,3697.5,3,1546303563858,13853538,2382771
270.0,sell,3694.88,BTC-PERPETUAL,3697.5,3,1546303563858,13853539,2382772
200.0,sell,3694.88,BTC-PERPETUAL,3697.5,3,1546303563858,13853540,2382773
1850.0,sell,3694.88,BTC-PERPETUAL,3697.5,3,1546303563858,13853541,2382774
60.0,sell,3694.88,BTC-PERPETUAL,3697.0,2,1546303563858,13853542,2382775
180.0,sell,3694.88,BTC-PERPETUAL,3696.5,2,1546303563858,13853543,2382776
3850.0,sell,3694.88,BTC-PERPETUAL,3696.5,3,1546303563858,13853544,2382777
180.0,buy,3694.93,BTC-PERPETUAL,3697.5,0,1546303638118,13853545,2382778
180.0,buy,3694.93,BTC-PERPETUAL,3697.5,1,1546303638118,13853546,2382779
180.0,buy,3694.93,BTC-PERPETUAL,3697.5,1,1546303638118,13853547,2382780
200.0,buy,3694.93,BTC-PERPETUAL,3697.5,1,1546303638118,13853548,2382781
40.0,buy,3694.93,BTC-PERPETUAL,3698.0,0,1546303638118,13853549,2382782
720.0,buy,3694.93,BTC-PERPETUAL,3698.5,0,1546303638118,13853550,2382783
200.0,buy,3694.98,BTC-PERPETUAL,3697.5,2,1546303708049,13853551,2382784
180.0,buy,3694.98,BTC-PERPETUAL,3697.5,3,1546303708049,13853552,2382785
20.0,buy,3694.98,BTC-PERPETUAL,3697.5,3,1546303708049,13853553,2382786
180.0,buy,3694.98,BTC-PERPETUAL,3698.0,0,1546303709970,13853554,2382787
10.0,buy,3694.98,BTC-PERPETUAL,3698.0,1,1546303709970,13853555,2382788
100.0,buy,3694.98,BTC-PERPETUAL,3698.5,0,1546303713522,13853558,2382789
10.0,buy,3694.98,BTC-PERPETUAL,3698.5,1,1546303713522,13853559,2382790
180.0,buy,3694.98,BTC-PERPETUAL,3698.5,1,1546303713522,13853560,2382791
250.0,buy,3694.98,BTC-PERPETUAL,3699.0,0,1546303714787,13853567,2382792
180.0,buy,3694.98,BTC-PERPETUAL,3699.0,1,1546303714787,13853568,2382793
180.0,buy,3694.98,BTC-PERPETUAL,3699.0,1,1546303714787,13853569,2382794
100.0,buy,3694.98,BTC-PERPETUAL,3699.0,1,1546303714787,13853570,2382795
180.0,buy,3694.98,BTC-PERPETUAL,3699.0,1,1546303714787,13853571,2382796
750.0,buy,3695.13,BTC-PERPETUAL,3700.0,0,1546303718005,13853577,2382797
10.0,buy,3695.13,BTC-PERPETUAL,3700.0,1,1546303718005,13853578,2382798
490.0,buy,3695.13,BTC-PERPETUAL,3700.0,1,1546303718005,13853579,2382799
1000.0,buy,3695.13,BTC-PERPETUAL,3700.0,1,1546303718009,13853580,2382800
10.0,buy,3695.13,BTC-PERPETUAL,3700.0,1,1546303718012,13853581,2382801
990.0,buy,3695.13,BTC-PERPETUAL,3700.0,1,1546303718012,13853582,2382802
40.0,buy,3695.98,BTC-PERPETUAL,3700.5,0,1546303732892,13853583,2382803
10.0,buy,3695.98,BTC-PERPETUAL,3700.5,1,1546303732892,13853584,2382804
100.0,buy,3696.15,BTC-PERPETUAL,3700.5,1,1546303742446,13853585,2382805
150.0,buy,3696.15,BTC-PERPETUAL,3700.5,1,1546303743604,13853586,2382806
10.0,buy,3697.62,BTC-PERPETUAL,3701.0,0,1546303753959,13853596,2382807
90.0,buy,3697.62,BTC-PERPETUAL,3702.0,0,1546303753959,13853597,2382808
100.0,buy,3698.05,BTC-PERPETUAL,3702.0,1,1546303771118,13853616,2382809
100.0,buy,3698.05,BTC-PERPETUAL,3702.0,1,1546303776804,13853620,2382810
250.0,sell,3698.05,BTC-PERPETUAL,3701.5,2,1546303777729,13853621,2382811
200.0,sell,3698.05,BTC-PERPETUAL,3701.5,3,1546303777729,13853622,2382812
1340.0,sell,3698.05,BTC-PERPETUAL,3701.5,3,1546303777729,13853623,2382813
100.0,buy,3699.11,BTC-PERPETUAL,3702.0,0,1546303778959,13853624,2382814
100.0,buy,3699.13,BTC-PERPETUAL,3702.0,1,1546303779971,13853625,2382815
10.0,buy,3699.13,BTC-PERPETUAL,3702.0,1,1546303781545,13853627,2382816
40.0,buy,3699.13,BTC-PERPETUAL,3702.0,1,1546303781545,13853628,2382817
50.0,buy,3699.13,BTC-PERPETUAL,3702.0,1,1546303781545,13853629,2382818
150.0,buy,3699.54,BTC-PERPETUAL,3702.0,1,1546303781953,13853630,2382819
2000.0,sell,3699.54,BTC-PERPETUAL,3702.0,1,1546303781953,13853631,2382820
30.0,buy,3699.54,BTC-PERPETUAL,3703.0,0,1546303781953,13853632,2382821
750.0,buy,3699.54,BTC-PERPETUAL,3705.0,0,1546303781953,13853633,2382822
800.0,buy,3699.54,BTC-PERPETUAL,3705.0,1,1546303781953,13853634,2382823
100.0,buy,3699.54,BTC-PERPETUAL,3705.0,1,1546303781953,13853635,2382824
7500.0,buy,3699.54,BTC-PERPETUAL,3705.5,0,1546303781953,13853636,2382825
3670.0,buy,3699.54,BTC-PERPETUAL,3705.5,1,1546303781953,13853637,2382826
100.0,sell,3699.66,BTC-PERPETUAL,3704.5,2,1546303789246,13853641,2382827
200.0,sell,3699.66,BTC-PERPETUAL,3704.5,3,1546303789246,13853642,2382828
180.0,sell,3699.66,BTC-PERPETUAL,3704.5,3,1546303789246,13853643,2382829
180.0,sell,3699.66,BTC-PERPETUAL,3704.5,3,1546303789246,13853644,2382830
180.0,sell,3699.66,BTC-PERPETUAL,3704.5,3,1546303789246,13853645,2382831
11110.0,sell,3699.66,BTC-PERPETUAL,3704.5,3,1546303789246,13853646,2382832
660.0,sell,3699.66,BTC-PERPETUAL,3704.5,3,1546303789246,13853647,2382833
200.0,sell,3699.66,BTC-PERPETUAL,3703.5,2,1546303789246,13853648,2382834
10.0,sell,3699.66,BTC-PERPETUAL,3703.0,2,1546303789246,13853649,2382835
1250.0,sell,3699.66,BTC-PERPETUAL,3702.5,2,1546303789246,13853650,2382836
1320.0,sell,3699.66,BTC-PERPETUAL,3702.5,3,1546303789257,13853651,2382837
2660.0,sell,3699.66,BTC-PERPETUAL,3702.0,2,1546303789257,13853652,2382838
3720.0,sell,3699.66,BTC-PERPETUAL,3702.5,0,1546303789400,13853653,2382839
100.0,buy,3699.22,BTC-PERPETUAL,3703.0,0,1546303793077,13853654,2382840
1000.0,buy,3699.19,BTC-PERPETUAL,3703.0,1,1546303795627,13853656,2382841
1110.0,buy,3699.56,BTC-PERPETUAL,3703.0,1,1546303809025,13853661,2382842
180.0,sell,3699.56,BTC-PERPETUAL,3702.5,2,1546303812232,13853663,2382843
150.0,sell,3699.56,BTC-PERPETUAL,3702.5,3,1546303812232,13853664,2382844
630.0,buy,3699.56,BTC-PERPETUAL,3703.0,0,1546303813645,13853665,2382845
30.0,sell,3699.56,BTC-PERPETUAL,3702.5,2,1546303817040,13853668,2382846
1750.0,sell,3699.56,BTC-PERPETUAL,3702.5,3,1546303817040,13853669,2382847
100.0,sell,3699.23,BTC-PERPETUAL,3702.5,3,1546303825234,13853672,2382848
150.0,sell,3699.21,BTC-PERPETUAL,3702.5,3,1546303826613,13853673,2382849
100.0,sell,3699.21,BTC-PERPETUAL,3702.5,3,1546303826613,13853674,2382850
180.0,sell,3699.21,BTC-PERPETUAL,3702.5,3,1546303826613,13853675,2382851
1590.0,sell,3699.21,BTC-PERPETUAL,3702.5,3,1546303826613,13853676,2382852
90.0,buy,3699.26,BTC-PERPETUAL,3703.0,0,1546303828400,13853677,2382853
10.0,buy,3699.26,BTC-PERPETUAL,3703.0,1,1546303828410,13853678,2382854
80.0,buy,3699.26,BTC-PERPETUAL,3703.0,1,1546303828410,13853679,2382855
10.0,buy,3702.33,BTC-PERPETUAL,3703.0,1,1546303837467,13853695,2382856
250.0,buy,3702.33,BTC-PERPETUAL,3703.0,1,1546303837467,13853696,2382857
200.0,buy,3702.33,BTC-PERPETUAL,3703.0,1,1546303837467,13853697,2382858
100.0,sell,3702.4,BTC-PERPETUAL,3703.5,0,1546303842566,13853699,2382859
250.0,buy,3701.76,BTC-PERPETUAL,3704.0,0,1546303864278,13853701,2382860
200.0,buy,3701.76,BTC-PERPETUAL,3704.0,1,1546303864278,13853702,2382861
250.0,buy,3701.76,BTC-PERPETUAL,3704.0,1,1546303864278,13853703,2382862
300.0,buy,3701.76,BTC-PERPETUAL,3704.0,1,1546303864278,13853704,2382863
20.0,buy,3701.52,BTC-PERPETUAL,3704.0,1,1546303888046,13853706,2382864
4260.0,buy,3701.52,BTC-PERPETUAL,3704.0,1,1546303888046,13853707,2382865
100.0,buy,3701.52,BTC-PERPETUAL,3705.0,0,1546303888046,13853708,2382866
10.0,buy,3701.52,BTC-PERPETUAL,3705.0,1,1546303888046,13853709,2382867
180.0,buy,3701.52,BTC-PERPETUAL,3705.5,0,1546303888046,13853710,2382868
5000.0,buy,3701.52,BTC-PERPETUAL,3705.5,1,1546303888046,13853711,2382869
180.0,buy,3701.52,BTC-PERPETUAL,3706.0,0,1546303888046,13853712,2382870
180.0,buy,3701.52,BTC-PERPETUAL,3706.0,1,1546303888046,13853713,2382871
70.0,buy,3701.52,BTC-PERPETUAL,3706.0,1,1546303888046,13853714,2382872
20.0,buy,3701.55,BTC-PERPETUAL,3705.0,2,1546303895387,13853716,2382873
80.0,buy,3701.55,BTC-PERPETUAL,3705.0,3,1546303895387,13853717,2382874
120.0,buy,3701.53,BTC-PERPETUAL,3705.0,3,1546303897142,13853718,2382875
250.0,buy,3701.53,BTC-PERPETUAL,3705.0,3,1546303897142,13853719,2382876
130.0,buy,3701.53,BTC-PERPETUAL,3706.0,0,1546303897142,13853720,2382877
100.0,buy,3701.88,BTC-PERPETUAL,3705.5,2,1546303916624,13853723,2382878
400.0,sell,3701.69,BTC-PERPETUAL,3705.0,2,1546303930405,13853724,2382879
500.0,sell,3701.69,BTC-PERPETUAL,3705.0,3,1546303930405,13853725,2382880
100.0,sell,3701.69,BTC-PERPETUAL,3705.0,3,1546303930405,13853726,2382881
180.0,sell,3701.69,BTC-PERPETUAL,3705.0,3,1546303930405,13853727,2382882
180.0,sell,3701.69,BTC-PERPETUAL,3705.0,3,1546303930405,13853728,2382883
2340.0,sell,3701.69,BTC-PERPETUAL,3705.0,3,1546303930405,13853729,2382884
180.0,sell,3700.21,BTC-PERPETUAL,3705.0,3,1546303934960,13853731,2382885
180.0,sell,3700.21,BTC-PERPETUAL,3705.0,3,1546303934960,13853732,2382886
180.0,sell,3700.21,BTC-PERPETUAL,3705.0,3,1546303934960,13853733,2382887
260.0,sell,3700.21,BTC-PERPETUAL,3704.5,2,1546303934960,13853734,2382888
1600.0,sell,3700.21,BTC-PERPETUAL,3704.5,3,1546303935043,13853735,2382889
10.0,sell,3700.21,BTC-PERPETUAL,3704.5,3,1546303935043,13853736,2382890
60.0,sell,3700.21,BTC-PERPETUAL,3704.0,2,1546303935043,13853737,2382891
3330.0,sell,3700.21,BTC-PERPETUAL,3703.5,2,1546303935043,13853738,2382892
250.0,sell,3700.21,BTC-PERPETUAL,3705.0,0,1546303936818,13853739,2382893
1860.0,sell,3700.21,BTC-PERPETUAL,3704.5,2,1546303936818,13853740,2382894
390.0,sell,3700.21,BTC-PERPETUAL,3704.5,3,1546303936818,13853741,2382895
250.0,sell,3700.37,BTC-PERPETUAL,3705.0,0,1546303962123,13853752,2382896
1750.0,sell,3700.37,BTC-PERPETUAL,3705.0,1,1546303962123,13853753,2382897
80.0,sell,3699.47,BTC-PERPETUAL,3704.0,2,1546304001296,13853754,2382898
200.0,sell,3699.47,BTC-PERPETUAL,3704.0,3,1546304001296,13853755,2382899
250.0,sell,3699.47,BTC-PERPETUAL,3704.0,3,1546304001296,13853756,2382900
470.0,sell,3699.47,BTC-PERPETUAL,3703.5,2,1546304001296,13853757,2382901
3240.0,sell,3699.5,BTC-PERPETUAL,3703.5,3,1546304003917,13853758,2382902
1860.0,sell,3699.5,BTC-PERPETUAL,3703.5,3,1546304003917,13853759,2382903
180.0,sell,3699.5,BTC-PERPETUAL,3703.5,3,1546304003917,13853760,2382904
200.0,sell,3699.5,BTC-PERPETUAL,3703.5,3,1546304003917,13853761,2382905
4510.0,sell,3699.5,BTC-PERPETUAL,3703.5,3,1546304003917,13853762,2382906
950.0,sell,3699.35,BTC-PERPETUAL,3703.5,3,1546304017774,13853763,2382907
250.0,sell,3699.35,BTC-PERPETUAL,3703.5,3,1546304017774,13853764,2382908
50.0,sell,3699.35,BTC-PERPETUAL,3703.5,3,1546304017774,13853765,2382909
150.0,sell,3699.43,BTC-PERPETUAL,3703.5,3,1546304023385,13853770,2382910
1270.0,sell,3699.43,BTC-PERPETUAL,3703.5,3,1546304023385,13853771,2382911
290.0,sell,3699.41,BTC-PERPETUAL,3703.5,3,1546304024711,13853772,2382912
300.0,sell,3698.75,BTC-PERPETUAL,3703.5,3,1546304032283,13853773,2382913
3710.0,sell,3698.75,BTC-PERPETUAL,3703.5,3,1546304032283,13853774,2382914
250.0,sell,3698.75,BTC-PERPETUAL,3703.5,3,1546304032283,13853775,2382915
740.0,sell,3698.75,BTC-PERPETUAL,3703.0,2,1546304032283,13853776,2382916
1800.0,sell,3698.39,BTC-PERPETUAL,3703.0,3,1546304036567,13853777,2382917
60.0,sell,3698.39,BTC-PERPETUAL,3703.0,3,1546304036567,13853778,2382918
640.0,sell,3698.39,BTC-PERPETUAL,3703.0,3,1546304036567,13853779,2382919
1510.0,sell,3698.39,BTC-PERPETUAL,3703.0,3,1546304042669,13853780,2382920
100.0,sell,3698.79,BTC-PERPETUAL,3703.0,3,1546304048513,13853781,2382921
520.0,sell,3698.6,BTC-PERPETUAL,3703.0,3,1546304051249,13853782,2382922
210.0,sell,3698.6,BTC-PERPETUAL,3703.0,3,1546304051928,13853783,2382923
100.0,sell,3698.6,BTC-PERPETUAL,3703.0,3,1546304052946,13853784,2382924
1000.0,sell,3698.6,BTC-PERPETUAL,3703.0,3,1546304055815,13853786,2382925
1960.0,sell,3699.08,BTC-PERPETUAL,3703.0,3,1546304064046,13853788,2382926
1370.0,sell,3699.1,BTC-PERPETUAL,3703.0,3,1546304073617,13853789,2382927
100.0,sell,3699.1,BTC-PERPETUAL,3703.0,3,1546304073617,13853790,2382928
80.0,sell,3699.1,BTC-PERPETUAL,3703.0,3,1546304073617,13853791,2382929
100.0,sell,3699.07,BTC-PERPETUAL,3703.0,3,1546304076340,13853792,2382930
80.0,sell,3699.07,BTC-PERPETUAL,3703.0,3,1546304081764,13853793,2382931
100.0,sell,3699.07,BTC-PERPETUAL,3703.0,3,1546304081764,13853794,2382932
1790.0,sell,3699.07,BTC-PERPETUAL,3703.0,3,1546304081772,13853795,2382933
70.0,sell,3699.04,BTC-PERPETUAL,3703.0,3,1546304089868,13853796,2382934
100.0,sell,3699.04,BTC-PERPETUAL,3703.0,3,1546304089868,13853797,2382935
1740.0,sell,3699.17,BTC-PERPETUAL,3703.0,3,1546304109325,13853801,2382936
200.0,sell,3699.17,BTC-PERPETUAL,3703.0,3,1546304109332,13853802,2382937
100.0,sell,3699.16,BTC-PERPETUAL,3703.0,3,1546304112251,13853803,2382938
570.0,sell,3699.16,BTC-PERPETUAL,3703.0,3,1546304118338,13853805,2382939
80.0,sell,3699.16,BTC-PERPETUAL,3703.0,3,1546304119037,13853806,2382940
920.0,sell,3699.16,BTC-PERPETUAL,3703.0,3,1546304120813,13853807,2382941
190.0,sell,3699.16,BTC-PERPETUAL,3703.0,3,1546304120813,13853808,2382942
370.0,sell,3699.16,BTC-PERPETUAL,3703.0,3,1546304120819,13853809,2382943
100.0,sell,3698.87,BTC-PERPETUAL,3702.0,2,1546304142037,13853812,2382944
80.0,sell,3698.87,BTC-PERPETUAL,3702.0,3,1546304142037,13853813,2382945
180.0,sell,3698.87,BTC-PERPETUAL,3701.5,2,1546304142037,13853814,2382946
180.0,sell,3698.87,BTC-PERPETUAL,3701.5,3,1546304142037,13853815,2382947
4460.0,sell,3698.87,BTC-PERPETUAL,3701.5,3,1546304142037,13853816,2382948
2020.0,sell,3698.87,BTC-PERPETUAL,3701.5,3,1546304142760,13853817,2382949
1860.0,sell,3698.09,BTC-PERPETUAL,3701.5,3,1546304156989,13853818,2382950
3710.0,sell,3698.09,BTC-PERPETUAL,3701.5,3,1546304156989,13853819,2382951
1930.0,sell,3698.09,BTC-PERPETUAL,3701.5,3,1546304156989,13853820,2382952
100.0,sell,3698.15,BTC-PERPETUAL,3701.5,3,1546304179336,13853830,2382953
1860.0,sell,3698.15,BTC-PERPETUAL,3701.5,3,1546304179336,13853831,2382954
1740.0,sell,3698.15,BTC-PERPETUAL,3701.5,3,1546304179336,13853832,2382955
10.0,sell,3698.35,BTC-PERPETUAL,3701.0,2,1546304181370,13853833,2382956
20.0,sell,3698.35,BTC-PERPETUAL,3701.0,3,1546304181370,13853834,2382957
70.0,sell,3698.35,BTC-PERPETUAL,3700.5,2,1546304181370,13853835,2382958
500.0,sell,3696.85,BTC-PERPETUAL,3700.5,3,1546304277425,13853848,2382959
430.0,sell,3696.22,BTC-PERPETUAL,3700.5,3,1546304284420,13853849,2382960
400.0,sell,3696.22,BTC-PERPETUAL,3700.5,3,1546304284420,13853850,2382961
170.0,sell,3696.22,BTC-PERPETUAL,3700.0,2,1546304284420,13853851,2382962
1000.0,buy,3696.22,BTC-PERPETUAL,3700.5,0,1546304284551,13853852,2382963
830.0,sell,3694.9,BTC-PERPETUAL,3700.0,2,1546304290361,13853854,2382964
130.0,sell,3694.9,BTC-PERPETUAL,3700.0,3,1546304290361,13853855,2382965
490.0,sell,3694.9,BTC-PERPETUAL,3700.0,3,1546304290361,13853856,2382966
100.0,sell,3695.06,BTC-PERPETUAL,3700.0,3,1546304292171,13853857,2382967
100.0,sell,3695.06,BTC-PERPETUAL,3700.0,3,1546304293718,13853858,2382968
500.0,sell,3694.9,BTC-PERPETUAL,3700.0,3,1546304296689,13853859,2382969
100.0,sell,3694.9,BTC-PERPETUAL,3700.0,3,1546304302243,13853871,2382970
150.0,sell,3694.9,BTC-PERPETUAL,3699.5,2,1546304302243,13853872,2382971
170.0,sell,3694.9,BTC-PERPETUAL,3699.5,3,1546304302391,13853875,2382972
10.0,sell,3694.9,BTC-PERPETUAL,3699.0,2,1546304302391,13853876,2382973
70.0,sell,3694.9,BTC-PERPETUAL,3699.0,3,1546304302391,13853877,2382974
3960.0,buy,3694.9,BTC-PERPETUAL,3699.5,0,1546304302553,13853878,2382975
20.0,sell,3694.9,BTC-PERPETUAL,3699.0,2,1546304303156,13853879,2382976
1590.0,sell,3694.9,BTC-PERPETUAL,3699.0,3,1546304303156,13853880,2382977
500.0,sell,3694.9,BTC-PERPETUAL,3698.5,2,1546304303583,13853881,2382978
500.0,sell,3694.9,BTC-PERPETUAL,3698.5,3,1546304304458,13853882,2382979
170.0,sell,3694.53,BTC-PERPETUAL,3698.0,2,1546304307524,13853893,2382980
1680.0,sell,3694.38,BTC-PERPETUAL,3698.0,3,1546304308396,13853901,2382981
30.0,sell,3694.38,BTC-PERPETUAL,3698.0,3,1546304308396,13853902,2382982
3670.0,sell,3693.69,BTC-PERPETUAL,3698.0,3,1546304311643,13853922,2382983
1850.0,sell,3693.69,BTC-PERPETUAL,3698.0,3,1546304311643,13853923,2382984
10.0,sell,3693.69,BTC-PERPETUAL,3697.0,2,1546304311643,13853924,2382985
4470.0,sell,3693.69,BTC-PERPETUAL,3697.0,3,1546304311643,13853925,2382986
2790.0,sell,3693.69,BTC-PERPETUAL,3697.0,3,1546304311646,13853926,2382987
70.0,sell,3693.36,BTC-PERPETUAL,3697.0,3,1546304314094,13853927,2382988
250.0,sell,3693.36,BTC-PERPETUAL,3697.0,3,1546304314094,13853928,2382989
100.0,sell,3692.54,BTC-PERPETUAL,3697.0,3,1546304316456,13853929,2382990
1800.0,sell,3691.85,BTC-PERPETUAL,3697.0,3,1546304317956,13853930,2382991
100.0,sell,3691.85,BTC-PERPETUAL,3697.0,3,1546304319345,13853931,2382992
1980.0,sell,3692.62,BTC-PERPETUAL,3696.5,2,1546304330605,13853936,2382993
10.0,sell,3691.72,BTC-PERPETUAL,3696.5,3,1546304333529,13853937,2382994
30.0,sell,3692.32,BTC-PERPETUAL,3696.5,3,1546304336843,13853938,2382995
100.0,buy,3693.6,BTC-PERPETUAL,3696.5,3,1546304387287,13853950,2382996
400.0,buy,3693.81,BTC-PERPETUAL,3696.5,3,1546304430509,13853959,2382997
500.0,buy,3693.81,BTC-PERPETUAL,3696.5,3,1546304430509,13853960,2382998
180.0,buy,3693.81,BTC-PERPETUAL,3696.5,3,1546304430509,13853961,2382999
180.0,buy,3693.81,BTC-PERPETUAL,3696.5,3,1546304430509,13853962,2383000
180.0,buy,3693.81,BTC-PERPETUAL,3696.5,3,1546304430509,13853963,2383001
20.0,buy,3693.81,BTC-PERPETUAL,3696.5,3,1546304430509,13853964,2383002
2000.0,buy,3693.81,BTC-PERPETUAL,3697.0,0,1546304430509,13853965,2383003
1980.0,buy,3693.81,BTC-PERPETUAL,3699.0,0,1546304430509,13853966,2383004
920.0,sell,3694.07,BTC-PERPETUAL,3697.0,2,1546304433841,13853970,2383005
250.0,buy,3693.77,BTC-PERPETUAL,3697.5,0,1546304524962,13853973,2383006
100.0,sell,3692.84,BTC-PERPETUAL,3697.0,2,1546304581522,13854000,2383007
1840.0,sell,3692.68,BTC-PERPETUAL,3697.0,3,1546304584512,13854001,2383008
930.0,sell,3692.68,BTC-PERPETUAL,3697.0,3,1546304586733,13854002,2383009
920.0,sell,3692.68,BTC-PERPETUAL,3697.0,3,1546304586738,13854003,2383010
120.0,sell,3691.72,BTC-PERPETUAL,3697.0,3,1546304606897,13854006,2383011
50.0,sell,3691.72,BTC-PERPETUAL,3697.0,3,1546304606938,13854007,2383012
80.0,sell,3691.42,BTC-PERPETUAL,3697.0,3,1546304616003,13854009,2383013
100.0,sell,3691.42,BTC-PERPETUAL,3697.0,3,1546304616003,13854010,2383014
150.0,sell,3691.42,BTC-PERPETUAL,3697.0,3,1546304616011,13854011,2383015
250.0,sell,3691.33,BTC-PERPETUAL,3696.5,2,1546304642654,13854013,2383016
200.0,sell,3691.33,BTC-PERPETUAL,3696.5,3,1546304642654,13854014,2383017
100.0,sell,3691.33,BTC-PERPETUAL,3696.0,2,1546304642654,13854015,2383018
10.0,sell,3691.33,BTC-PERPETUAL,3696.0,3,1546304642654,13854016,2383019
5000.0,sell,3691.33,BTC-PERPETUAL,3695.5,2,1546304642654,13854017,2383020
5000.0,sell,3691.33,BTC-PERPETUAL,3695.5,3,1546304642654,13854018,2383021
5000.0,sell,3691.33,BTC-PERPETUAL,3695.5,3,1546304642654,13854019,2383022
410.0,sell,3691.33,BTC-PERPETUAL,3695.5,3,1546304642654,13854020,2383023
10.0,sell,3691.68,BTC-PERPETUAL,3695.0,2,1546304669386,13854022,2383024
10.0,sell,3691.68,BTC-PERPETUAL,3695.0,3,1546304669386,13854023,2383025
100.0,sell,3691.68,BTC-PERPETUAL,3695.0,3,1546304669386,13854024,2383026
20.0,sell,3691.68,BTC-PERPETUAL,3695.0,3,1546304669386,13854025,2383027
250.0,sell,3691.68,BTC-PERPETUAL,3695.0,3,1546304669386,13854026,2383028
90.0,sell,3691.68,BTC-PERPETUAL,3695.0,3,1546304669386,13854027,2383029
770.0,sell,3691.68,BTC-PERPETUAL,3695.0,3,1546304669386,13854028,2383030
20.0,sell,3691.68,BTC-PERPETUAL,3694.0,2,1546304676303,13854029,2383031
80.0,sell,3691.83,BTC-PERPETUAL,3694.0,3,1546304755285,13854035,2383032
1940.0,sell,3691.83,BTC-PERPETUAL,3694.0,3,1546304755285,13854036,2383033
1670.0,sell,3691.72,BTC-PERPETUAL,3694.0,3,1546304763197,13854037,2383034
120.0,sell,3691.72,BTC-PERPETUAL,3694.0,3,1546304763202,13854038,2383035
210.0,sell,3691.95,BTC-PERPETUAL,3694.0,3,1546304768403,13854039,2383036
2790.0,sell,3691.95,BTC-PERPETUAL,3694.0,3,1546304768403,13854040,2383037
680.0,sell,3691.85,BTC-PERPETUAL,3694.0,3,1546304805645,13854042,2383038
1020.0,sell,3691.68,BTC-PERPETUAL,3694.0,3,1546304807005,13854043,2383039
200.0,sell,3691.68,BTC-PERPETUAL,3694.0,3,1546304813364,13854044,2383040
830.0,sell,3691.68,BTC-PERPETUAL,3694.0,3,1546304813370,13854045,2383041
100.0,sell,3691.68,BTC-PERPETUAL,3694.0,3,1546304813370,13854046,2383042
290.0,sell,3691.68,BTC-PERPETUAL,3694.0,3,1546304813370,13854047,2383043
450.0,sell,3691.68,BTC-PERPETUAL,3694.0,3,1546304817505,13854048,2383044
1290.0,sell,3691.68,BTC-PERPETUAL,3694.0,3,1546304817511,13854049,2383045
1330.0,sell,3691.68,BTC-PERPETUAL,3694.0,3,1546304826717,13854051,2383046
1250.0,sell,3692.16,BTC-PERPETUAL,3694.0,3,1546304837061,13854052,2383047
480.0,sell,3692.16,BTC-PERPETUAL,3694.0,3,1546304837061,13854053,2383048
130.0,sell,3692.16,BTC-PERPETUAL,3694.0,3,1546304839274,13854054,2383049
180.0,sell,3692.16,BTC-PERPETUAL,3694.0,3,1546304842977,13854060,2383050
320.0,sell,3692.16,BTC-PERPETUAL,3694.0,3,1546304846220,13854061,2383051
1330.0,sell,3692.16,BTC-PERPETUAL,3694.0,3,1546304846228,13854062,2383052
2500.0,sell,3692.16,BTC-PERPETUAL,3694.0,3,1546304846551,13854063,2383053
1630.0,sell,3692.16,BTC-PERPETUAL,3694.0,3,1546304854868,13854064,2383054
730.0,sell,3691.39,BTC-PERPETUAL,3694.0,3,1546304864021,13854065,2383055
1320.0,sell,3691.39,BTC-PERPETUAL,3694.0,3,1546304864055,13854066,2383056
10.0,sell,3691.39,BTC-PERPETUAL,3694.0,3,1546304869212,13854067,2383057
240.0,sell,3691.39,BTC-PERPETUAL,3694.0,3,1546304869221,13854068,2383058
1130.0,sell,3691.39,BTC-PERPETUAL,3694.0,3,1546304874685,13854070,2383059
900.0,sell,3691.39,BTC-PERPETUAL,3694.0,3,1546304874685,13854071,2383060
20.0,sell,3691.39,BTC-PERPETUAL,3694.0,3,1546304874691,13854072,2383061
100.0,sell,3690.85,BTC-PERPETUAL,3693.5,2,1546304881956,13854073,2383062
1750.0,sell,3690.85,BTC-PERPETUAL,3693.5,3,1546304883276,13854074,2383063
380.0,sell,3690.85,BTC-PERPETUAL,3693.5,3,1546304883276,13854075,2383064
1420.0,sell,3690.74,BTC-PERPETUAL,3693.5,3,1546304885658,13854076,2383065
140.0,sell,3690.74,BTC-PERPETUAL,3693.5,3,1546304885658,13854077,2383066
210.0,sell,3690.74,BTC-PERPETUAL,3693.5,3,1546304885669,13854078,2383067
1500.0,sell,3690.74,BTC-PERPETUAL,3693.5,3,1546304885809,13854079,2383068
10.0,sell,3690.74,BTC-PERPETUAL,3693.0,2,1546304885809,13854080,2383069
3700.0,sell,3690.74,BTC-PERPETUAL,3693.0,3,1546304885809,13854081,2383070
70.0,sell,3690.74,BTC-PERPETUAL,3693.0,3,1546304885809,13854082,2383071
470.0,sell,3690.74,BTC-PERPETUAL,3692.5,2,1546304885809,13854083,2383072
4250.0,sell,3690.74,BTC-PERPETUAL,3692.5,3,1546304885809,13854084,2383073
3690.0,sell,3690.06,BTC-PERPETUAL,3692.0,2,1546304919641,13854086,2383074
10.0,sell,3690.07,BTC-PERPETUAL,3691.0,2,1546304925764,13854087,2383075
1030.0,sell,3690.07,BTC-PERPETUAL,3691.0,3,1546304925764,13854088,2383076
400.0,buy,3690.05,BTC-PERPETUAL,3691.5,0,1546304960937,13854089,2383077
500.0,buy,3690.05,BTC-PERPETUAL,3691.5,1,1546304960937,13854090,2383078
180.0,buy,3690.05,BTC-PERPETUAL,3691.5,1,1546304960937,13854091,2383079
180.0,buy,3690.05,BTC-PERPETUAL,3691.5,1,1546304960937,13854092,2383080
180.0,buy,3690.05,BTC-PERPETUAL,3691.5,1,1546304960937,13854093,2383081
20.0,buy,3690.05,BTC-PERPETUAL,3691.5,1,1546304960937,13854094,2383082
650.0,buy,3690.05,BTC-PERPETUAL,3691.5,1,1546304960937,13854095,2383083
3850.0,buy,3690.05,BTC-PERPETUAL,3691.5,1,1546304961282,13854096,2383084
170.0,buy,3690.05,BTC-PERPETUAL,3691.5,1,1546304961282,13854097,2383085
10.0,buy,3690.11,BTC-PERPETUAL,3692.0,0,1546304962915,13854101,2383086
180.0,buy,3690.11,BTC-PERPETUAL,3692.5,0,1546304964205,13854102,2383087
2330.0,sell,3690.77,BTC-PERPETUAL,3692.5,1,1546304973359,13854108,2383088
180.0,buy,3690.4,BTC-PERPETUAL,3693.0,0,1546305120441,13854114,2383089
500.0,buy,3690.4,BTC-PERPETUAL,3693.0,1,1546305120441,13854115,2383090
10.0,buy,3690.4,BTC-PERPETUAL,3693.0,1,1546305120441,13854116,2383091
180.0,buy,3690.4,BTC-PERPETUAL,3693.5,0,1546305120441,13854117,2383092
180.0,buy,3690.4,BTC-PERPETUAL,3694.0,0,1546305120441,13854118,2383093
30.0,buy,3690.4,BTC-PERPETUAL,3694.0,1,1546305120441,13854119,2383094
370.0,buy,3690.4,BTC-PERPETUAL,3694.0,1,1546305120441,13854120,2383095
200.0,buy,3690.4,BTC-PERPETUAL,3696.0,0,1546305120441,13854121,2383096
1850.0,buy,3690.4,BTC-PERPETUAL,3696.5,0,1546305120441,13854122,2383097
400.0,buy,3691.76,BTC-PERPETUAL,3693.5,2,1546305222179,13854129,2383098
20.0,buy,3691.76,BTC-PERPETUAL,3693.5,3,1546305222179,13854130,2383099
60.0,buy,3692.43,BTC-PERPETUAL,3694.0,0,1546305225858,13854131,2383100
180.0,buy,3692.43,BTC-PERPETUAL,3695.0,0,1546305225858,13854132,2383101
30.0,buy,3692.43,BTC-PERPETUAL,3695.0,1,1546305225858,13854133,2383102
100.0,buy,3692.43,BTC-PERPETUAL,3695.5,0,1546305225858,13854134,2383103
180.0,buy,3692.43,BTC-PERPETUAL,3695.5,1,1546305225858,13854135,2383104
180.0,buy,3692.43,BTC-PERPETUAL,3696.0,0,1546305225858,13854136,2383105
270.0,buy,3692.43,BTC-PERPETUAL,3696.5,0,1546305225858,13854137,2383106
100.0,sell,3691.43,BTC-PERPETUAL,3695.5,2,1546305388857,13854151,2383107
180.0,sell,3691.43,BTC-PERPETUAL,3695.5,3,1546305388857,13854152,2383108
60.0,sell,3691.43,BTC-PERPETUAL,3695.5,3,1546305388857,13854153,2383109
100.0,sell,3691.2,BTC-PERPETUAL,3695.5,3,1546305393188,13854154,2383110
80.0,sell,3691.22,BTC-PERPETUAL,3695.5,3,1546305400376,13854155,2383111
80.0,sell,3691.22,BTC-PERPETUAL,3695.5,3,1546305400376,13854156,2383112
1650.0,sell,3691.56,BTC-PERPETUAL,3695.5,3,1546305417141,13854157,2383113
1540.0,sell,3691.23,BTC-PERPETUAL,3695.5,3,1546305424937,13854158,2383114
250.0,sell,3691.22,BTC-PERPETUAL,3695.5,3,1546305425000,13854159,2383115
90.0,sell,3691.22,BTC-PERPETUAL,3695.5,3,1546305425593,13854160,2383116
210.0,sell,3691.22,BTC-PERPETUAL,3695.5,3,1546305425602,13854161,2383117
1780.0,sell,3691.27,BTC-PERPETUAL,3695.5,3,1546305434893,13854162,2383118
1360.0,sell,3691.73,BTC-PERPETUAL,3695.5,3,1546305444605,13854163,2383119
260.0,sell,3691.73,BTC-PERPETUAL,3695.5,3,1546305444610,13854164,2383120
80.0,sell,3691.57,BTC-PERPETUAL,3695.5,3,1546305454362,13854165,2383121
170.0,sell,3691.48,BTC-PERPETUAL,3695.5,3,1546305470069,13854166,2383122
200.0,sell,3691.48,BTC-PERPETUAL,3695.5,3,1546305470069,13854167,2383123
1540.0,sell,3691.48,BTC-PERPETUAL,3695.5,3,1546305470069,13854168,2383124
250.0,sell,3691.3,BTC-PERPETUAL,3695.5,3,1546305498529,13854169,2383125
100.0,sell,3691.3,BTC-PERPETUAL,3695.5,3,1546305498529,13854170,2383126
200.0,sell,3691.3,BTC-PERPETUAL,3695.5,3,1546305498529,13854171,2383127
180.0,sell,3691.3,BTC-PERPETUAL,3695.0,2,1546305498529,13854172,2383128
180.0,sell,3691.3,BTC-PERPETUAL,3695.0,3,1546305498529,13854173,2383129
4090.0,sell,3691.3,BTC-PERPETUAL,3695.0,3,1546305498529,13854174,2383130
100.0,sell,3691.3,BTC-PERPETUAL,3695.5,0,1546305500077,13854175,2383131
100.0,sell,3691.13,BTC-PERPETUAL,3695.5,1,1546305542976,13854176,2383132
170.0,buy,3690.88,BTC-PERPETUAL,3696.0,0,1546305581520,13854177,2383133
200.0,sell,3690.67,BTC-PERPETUAL,3695.5,2,1546305628724,13854178,2383134
30.0,sell,3690.67,BTC-PERPETUAL,3695.0,2,1546305628724,13854179,2383135
100.0,sell,3690.67,BTC-PERPETUAL,3694.0,2,1546305628724,13854180,2383136
1370.0,sell,3690.67,BTC-PERPETUAL,3694.0,3,1546305628724,13854181,2383137
40.0,sell,3690.14,BTC-PERPETUAL,3694.0,3,1546305708021,13854182,2383138
210.0,sell,3690.06,BTC-PERPETUAL,3694.0,3,1546305716810,13854183,2383139
100.0,sell,3690.06,BTC-PERPETUAL,3694.0,3,1546305716810,13854184,2383140
5000.0,sell,3690.06,BTC-PERPETUAL,3694.0,3,1546305716810,13854185,2383141
880.0,sell,3690.06,BTC-PERPETUAL,3694.0,3,1546305716810,13854186,2383142
50.0,sell,3690.06,BTC-PERPETUAL,3694.0,3,1546305717760,13854187,2383143
1580.0,sell,3690.0,BTC-PERPETUAL,3693.5,2,1546305718205,13854188,2383144
50.0,sell,3690.0,BTC-PERPETUAL,3693.5,3,1546305718211,13854189,2383145
3640.0,sell,3689.98,BTC-PERPETUAL,3693.5,3,1546305721813,13854190,2383146
10.0,sell,3689.98,BTC-PERPETUAL,3693.5,3,1546305721819,13854191,2383147
40.0,sell,3689.97,BTC-PERPETUAL,3693.5,3,1546305727229,13854192,2383148
160.0,sell,3689.97,BTC-PERPETUAL,3693.5,3,1546305739965,13854193,2383149
100.0,sell,3689.97,BTC-PERPETUAL,3693.5,3,1546305739965,13854194,2383150
100.0,sell,3689.97,BTC-PERPETUAL,3693.5,3,1546305739965,13854195,2383151
3330.0,sell,3689.97,BTC-PERPETUAL,3693.5,3,1546305739965,13854196,2383152
100.0,sell,3689.73,BTC-PERPETUAL,3693.5,3,1546305742446,13854197,2383153
10.0,sell,3689.84,BTC-PERPETUAL,3693.0,2,1546305747661,13854198,2383154
1790.0,sell,3689.84,BTC-PERPETUAL,3693.0,3,1546305747661,13854199,2383155
10.0,sell,3689.23,BTC-PERPETUAL,3692.5,2,1546305777088,13854204,2383156
90.0,sell,3689.23,BTC-PERPETUAL,3692.5,3,1546305785637,13854205,2383157
1670.0,sell,3689.23,BTC-PERPETUAL,3692.5,3,1546305785637,13854206,2383158
500.0,buy,3688.62,BTC-PERPETUAL,3692.0,2,1546305814227,13854208,2383159
400.0,buy,3688.62,BTC-PERPETUAL,3692.0,3,1546305814227,13854209,2383160
100.0,buy,3688.62,BTC-PERPETUAL,3692.5,0,1546305814227,13854210,2383161
1850.0,sell,3688.23,BTC-PERPETUAL,3691.5,2,1546305875377,13854216,2383162
1840.0,sell,3688.23,BTC-PERPETUAL,3691.5,3,1546305875377,13854217,2383163
1590.0,sell,3688.35,BTC-PERPETUAL,3691.5,3,1546305883069,13854218,2383164
30.0,sell,3688.23,BTC-PERPETUAL,3691.5,3,1546305890473,13854219,2383165
1670.0,sell,3688.23,BTC-PERPETUAL,3691.5,3,1546305894149,13854220,2383166
230.0,sell,3687.7,BTC-PERPETUAL,3691.5,3,1546305895501,13854221,2383167
160.0,sell,3687.7,BTC-PERPETUAL,3691.5,3,1546305899416,13854222,2383168
1600.0,sell,3687.7,BTC-PERPETUAL,3691.5,3,1546305899422,13854223,2383169
3680.0,sell,3687.5,BTC-PERPETUAL,3691.5,3,1546305920121,13854224,2383170
170.0,sell,3688.04,BTC-PERPETUAL,3691.5,3,1546305933481,13854225,2383171
250.0,sell,3688.04,BTC-PERPETUAL,3691.5,3,1546305933481,13854226,2383172
1560.0,sell,3688.04,BTC-PERPETUAL,3691.5,3,1546305933481,13854227,2383173
120.0,sell,3688.24,BTC-PERPETUAL,3691.5,3,1546305940517,13854228,2383174
4880.0,sell,3688.24,BTC-PERPETUAL,3691.5,3,1546305940583,13854229,2383175
5000.0,sell,3688.24,BTC-PERPETUAL,3691.5,3,1546305940583,13854230,2383176
100.0,sell,3688.24,BTC-PERPETUAL,3691.5,3,1546305940583,13854231,2383177
20.0,sell,3688.24,BTC-PERPETUAL,3691.5,3,1546305940583,13854232,2383178
230.0,sell,3688.24,BTC-PERPETUAL,3691.5,3,1546305940597,13854233,2383179
200.0,sell,3688.24,BTC-PERPETUAL,3691.5,3,1546305940597,13854234,2383180
4200.0,sell,3688.24,BTC-PERPETUAL,3691.5,3,1546305940597,13854235,2383181
1580.0,sell,3687.48,BTC-PERPETUAL,3691.5,3,1546305944137,13854237,2383182
100.0,sell,3687.48,BTC-PERPETUAL,3691.5,3,1546305945085,13854238,2383183
20.0,sell,3687.18,BTC-PERPETUAL,3691.5,3,1546305946333,13854239,2383184
500.0,sell,3687.18,BTC-PERPETUAL,3691.5,3,1546305952104,13854243,2383185
30.0,sell,3686.94,BTC-PERPETUAL,3691.0,2,1546305960731,13854244,2383186
470.0,sell,3686.94,BTC-PERPETUAL,3690.5,2,1546305960731,13854245,2383187
1000.0,sell,3687.22,BTC-PERPETUAL,3690.5,3,1546305971209,13854247,2383188
1000.0,sell,3687.22,BTC-PERPETUAL,3690.5,3,1546305971209,13854248,2383189
1810.0,sell,3687.22,BTC-PERPETUAL,3690.5,3,1546305971209,13854249,2383190
120.0,sell,3687.22,BTC-PERPETUAL,3690.5,3,1546305971209,13854250,2383191
200.0,sell,3686.26,BTC-PERPETUAL,3690.5,3,1546306014507,13854261,2383192
800.0,sell,3686.26,BTC-PERPETUAL,3690.5,3,1546306014507,13854262,2383193
1000.0,sell,3686.26,BTC-PERPETUAL,3690.5,3,1546306015476,13854263,2383194
500.0,sell,3686.27,BTC-PERPETUAL,3690.5,3,1546306020145,13854264,2383195
310.0,sell,3687.76,BTC-PERPETUAL,3690.5,3,1546306088189,13854265,2383196
310.0,sell,3687.86,BTC-PERPETUAL,3690.5,3,1546306090058,13854266,2383197
350.0,buy,3689.24,BTC-PERPETUAL,3691.0,0,1546306125914,13854267,2383198
50.0,buy,3689.24,BTC-PERPETUAL,3691.0,1,1546306128400,13854268,2383199
500.0,buy,3689.24,BTC-PERPETUAL,3691.0,1,1546306129390,13854269,2383200
4100.0,buy,3689.24,BTC-PERPETUAL,3691.0,1,1546306129390,13854270,2383201
500.0,buy,3690.38,BTC-PERPETUAL,3691.0,1,1546306182748,13854275,2383202
13860.0,buy,3690.21,BTC-PERPETUAL,3691.0,1,1546306243389,13854283,2383203
500.0,buy,3690.21,BTC-PERPETUAL,3691.0,1,1546306243389,13854284,2383204
20.0,buy,3690.21,BTC-PERPETUAL,3691.0,1,1546306243389,13854285,2383205
10.0,buy,3690.21,BTC-PERPETUAL,3691.0,1,1546306243389,13854286,2383206
60.0,buy,3690.21,BTC-PERPETUAL,3691.0,1,1546306243389,13854287,2383207
10890.0,buy,3690.21,BTC-PERPETUAL,3691.0,1,1546306243389,13854288,2383208
7570.0,buy,3690.51,BTC-PERPETUAL,3691.0,1,1546306244522,13854289,2383209
150.0,sell,3692.04,BTC-PERPETUAL,3691.5,0,1546306255847,13854292,2383210
60.0,buy,3692.04,BTC-PERPETUAL,3692.0,0,1546306289951,13854294,2383211
250.0,buy,3692.04,BTC-PERPETUAL,3692.0,1,1546306289951,13854295,2383212
250.0,sell,3690.28,BTC-PERPETUAL,3692.5,0,1546306445693,13854310,2383213
180.0,sell,3690.28,BTC-PERPETUAL,3692.5,1,1546306445693,13854311,2383214
3260.0,sell,3690.28,BTC-PERPETUAL,3692.5,1,1546306445693,13854312,2383215
150.0,sell,3690.26,BTC-PERPETUAL,3692.5,1,1546306472437,13854313,2383216
500.0,sell,3689.59,BTC-PERPETUAL,3692.5,1,1546306479609,13854314,2383217
1910.0,sell,3689.59,BTC-PERPETUAL,3692.5,1,1546306480901,13854315,2383218
500.0,sell,3689.79,BTC-PERPETUAL,3692.5,1,1546306482624,13854316,2383219
250.0,sell,3690.83,BTC-PERPETUAL,3692.5,1,1546306517316,13854317,2383220
200.0,sell,3690.83,BTC-PERPETUAL,3692.5,1,1546306517316,13854318,2383221
4500.0,sell,3690.83,BTC-PERPETUAL,3692.5,1,1546306517316,13854319,2383222
250.0,sell,3690.83,BTC-PERPETUAL,3692.5,1,1546306522273,13854320,2383223
120.0,sell,3690.83,BTC-PERPETUAL,3692.5,1,1546306522273,13854321,2383224
80.0,sell,3690.83,BTC-PERPETUAL,3692.5,1,1546306522726,13854322,2383225
10.0,sell,3690.83,BTC-PERPETUAL,3692.5,1,1546306522726,13854323,2383226
50.0,sell,3690.83,BTC-PERPETUAL,3692.5,1,1546306522726,13854324,2383227
150.0,sell,3690.83,BTC-PERPETUAL,3692.5,1,1546306525409,13854325,2383228
40.0,sell,3690.83,BTC-PERPETUAL,3692.5,1,1546306525415,13854326,2383229
1910.0,sell,3690.83,BTC-PERPETUAL,3692.5,1,1546306532801,13854327,2383230
400.0,buy,3690.54,BTC-PERPETUAL,3693.0,0,1546306539049,13854335,2383231
250.0,buy,3690.54,BTC-PERPETUAL,3693.0,1,1546306539049,13854336,2383232
3350.0,buy,3690.54,BTC-PERPETUAL,3693.0,1,1546306539049,13854337,2383233
1520.0,sell,3690.54,BTC-PERPETUAL,3692.5,2,1546306542324,13854338,2383234
60.0,sell,3690.54,BTC-PERPETUAL,3692.5,3,1546306544897,13854339,2383235
10.0,sell,3690.88,BTC-PERPETUAL,3692.5,3,1546306547269,13854340,2383236
150.0,sell,3690.88,BTC-PERPETUAL,3692.5,3,1546306547274,13854341,2383237
60.0,sell,3690.88,BTC-PERPETUAL,3692.5,3,1546306547494,13854342,2383238
840.0,sell,3689.64,BTC-PERPETUAL,3692.5,3,1546306638082,13854343,2383239
250.0,sell,3689.64,BTC-PERPETUAL,3692.5,3,1546306638082,13854344,2383240
110.0,sell,3689.64,BTC-PERPETUAL,3692.0,2,1546306638082,13854345,2383241
300.0,sell,3689.64,BTC-PERPETUAL,3692.0,3,1546306638082,13854346,2383242
1550.0,sell,3688.8,BTC-PERPETUAL,3692.0,3,1546306713028,13854358,2383243
250.0,sell,3688.8,BTC-PERPETUAL,3692.0,3,1546306713028,13854359,2383244
3700.0,sell,3688.8,BTC-PERPETUAL,3691.5,2,1546306713028,13854360,2383245
100.0,sell,3688.8,BTC-PERPETUAL,3691.5,3,1546306713028,13854361,2383246
7390.0,sell,3688.8,BTC-PERPETUAL,3690.5,2,1546306713028,13854362,2383247
1000.0,sell,3688.8,BTC-PERPETUAL,3690.5,3,1546306713028,13854363,2383248
1940.0,sell,3688.8,BTC-PERPETUAL,3690.5,3,1546306713028,13854364,2383249
390.0,sell,3688.8,BTC-PERPETUAL,3690.5,3,1546306713028,13854365,2383250
2680.0,sell,3688.8,BTC-PERPETUAL,3690.0,2,1546306713028,13854366,2383251
180.0,sell,3688.8,BTC-PERPETUAL,3690.0,3,1546306713028,13854367,2383252
5000.0,sell,3688.8,BTC-PERPETUAL,3690.0,3,1546306713028,13854368,2383253
5000.0,sell,3688.8,BTC-PERPETUAL,3690.0,3,1546306713028,13854369,2383254
820.0,sell,3688.8,BTC-PERPETUAL,3690.0,3,1546306713028,13854370,2383255
5000.0,sell,3688.8,BTC-PERPETUAL,3690.0,3,1546306713997,13854381,2383256
1000.0,sell,3688.8,BTC-PERPETUAL,3690.0,3,1546306713997,13854382,2383257
200.0,sell,3688.8,BTC-PERPETUAL,3690.0,3,1546306713997,13854383,2383258
2200.0,sell,3688.8,BTC-PERPETUAL,3690.0,3,1546306713997,13854384,2383259
1490.0,sell,3688.8,BTC-PERPETUAL,3690.0,3,1546306713997,13854385,2383260
100.0,sell,3688.99,BTC-PERPETUAL,3690.0,3,1546306737230,13854387,2383261
100.0,sell,3688.99,BTC-PERPETUAL,3690.0,3,1546306739399,13854388,2383262
100.0,sell,3686.9,BTC-PERPETUAL,3690.0,3,1546306778673,13854391,2383263
900.0,sell,3686.9,BTC-PERPETUAL,3690.0,3,1546306778673,13854392,2383264
300.0,sell,3687.06,BTC-PERPETUAL,3689.5,2,1546306825072,13854411,2383265
2200.0,sell,3687.06,BTC-PERPETUAL,3689.5,3,1546306825072,13854412,2383266
10.0,sell,3687.06,BTC-PERPETUAL,3689.0,2,1546306825072,13854413,2383267
80.0,sell,3687.06,BTC-PERPETUAL,3689.0,3,1546306825072,13854414,2383268
40.0,sell,3687.06,BTC-PERPETUAL,3688.5,2,1546306825072,13854415,2383269
2030.0,sell,3687.06,BTC-PERPETUAL,3688.5,3,1546306825072,13854416,2383270
5000.0,sell,3687.06,BTC-PERPETUAL,3688.5,3,1546306825072,13854417,2383271
1850.0,sell,3687.06,BTC-PERPETUAL,3688.5,3,1546306825072,13854418,2383272
2420.0,sell,3687.06,BTC-PERPETUAL,3688.0,2,1546306825072,13854419,2383273
5000.0,sell,3687.06,BTC-PERPETUAL,3688.0,3,1546306825072,13854420,2383274
60.0,sell,3687.06,BTC-PERPETUAL,3688.0,3,1546306825072,13854421,2383275
1010.0,sell,3687.06,BTC-PERPETUAL,3688.0,3,1546306825072,13854422,2383276
180.0,buy,3686.21,BTC-PERPETUAL,3689.0,0,1546306852922,13854444,2383277
70.0,buy,3686.21,BTC-PERPETUAL,3689.0,1,1546306852922,13854445,2383278
1000.0,sell,3685.61,BTC-PERPETUAL,3688.5,2,1546306856189,13854452,2383279
70.0,sell,3683.16,BTC-PERPETUAL,3688.0,2,1546307006185,13854479,2383280
1900.0,sell,3683.16,BTC-PERPETUAL,3688.0,3,1546307006185,13854480,2383281
10.0,sell,3683.16,BTC-PERPETUAL,3687.0,2,1546307006185,13854481,2383282
20.0,sell,3683.16,BTC-PERPETUAL,3686.0,2,1546307006185,13854482,2383283
50.0,sell,3683.16,BTC-PERPETUAL,3686.5,0,1546307006381,13854483,2383284
50.0,sell,3683.16,BTC-PERPETUAL,3686.5,1,1546307006473,13854484,2383285
200.0,sell,3683.87,BTC-PERPETUAL,3687.0,0,1546307023336,13854504,2383286
800.0,sell,3683.87,BTC-PERPETUAL,3686.0,2,1546307023336,13854505,2383287
840.0,sell,3683.1,BTC-PERPETUAL,3686.0,3,1546307023955,13854506,2383288
150.0,buy,3683.27,BTC-PERPETUAL,3686.5,0,1546307041712,13854509,2383289
500.0,sell,3682.08,BTC-PERPETUAL,3686.0,2,1546307043768,13854511,2383290
500.0,sell,3682.92,BTC-PERPETUAL,3686.0,3,1546307049580,13854512,2383291
100.0,buy,3682.92,BTC-PERPETUAL,3686.5,0,1546307053878,13854513,2383292
10.0,sell,3682.49,BTC-PERPETUAL,3686.0,2,1546307102095,13854514,2383293
10.0,sell,3679.44,BTC-PERPETUAL,3685.0,2,1546307131753,13854537,2383294
